3552 5984
373 775 440 840 DE
464 774 630 840 OPERE
652 775 1146 847 METAMORPHOSEON.
1185 785 1287 850 xr'xiii

236 969 299 1034 que
318 949 395 1016 inde
415 947 651 1034 Polyphemum
674 949 789 1014 abesse
804 949 915 1028 voluit,
937 953 981 1018 sb
996 952 1142 1020 Homero
1161 967 1195 1021 et
1210 955 1286 1022 Vlr·

236 1065 312 1152 gilio
326 1066 405 1132 locis
422 1068 602 1154 insignibus
621 1078 777 1133 notatum.
793 1052 795 1064 ¹
824 1068 979 1136 Similiter
992 1073 1027 1136 in
1041 1074 1171 1159 magicis
1185 1075 1284 1142 rebus

235 1187 422 1252 enarrandis
451 1186 635 1263 Horatium,
657 1185 842 1272 Virgilium,
868 1200 902 1252 et
927 1189 1108 1269 Tibullum,
1132 1193 1166 1258 in
1189 1195 1284 1260 variis

235 1309 386 1373 aetatibus
399 1308 461 1373 bos
480 1309 563 1374 duos
577 1319 769 1394 postremos,
781 1319 815 1373 et
830 1307 1012 1374 Hesiodium
1026 1312 1181 1396 respexit.
1227 1311 1284 1378 nd

236 1423 365 1511 Virgilii
386 1428 612 1492 auctoritatem
631 1427 728 1492 etiam
747 1425 878 1512 Orphei
899 1449 943 1492 ex
963 1427 1130 1513 Eurydice
1148 1429 1283 1508 luctum,

235 1543 373 1610 lunonis
396 1545 576 1633 soliloquia,
598 1558 632 1612 et
654 1547 847 1630 descensum
870 1560 936 1612 tam
954 1547 998 1612 ad
1018 1547 1109 1614 Deos
1131 1551 1283 1626 marinos,

235 1669 331 1747 quam
354 1664 396 1730 sd
417 1665 548 1742 inferos,
564 1665 740 1730 inferorum
758 1666 903 1751 ipsorum
922 1666 1180 1745 delineationem,
1196 1669 1283 1734 Dea·

234 1803 305 1846 rum
319 1781 627 1860 transfomsationes,
637 1784 756 1870 quibus
767 1782 902 1850 fallendi
911 1807 1008 1851 causa
1019 1786 1135 1852 anilem
1149 1787 1283 1853 formam

235 1912 425 1978 sumserunt,
447 1901 616 1970 fulminsnn
634 1902 726 1967 Jovis
749 1905 1023 1989 compositionem,
1042 1907 1131 1971 canis
1145 1909 1283 1974 venatici

235 2017 266 2081 in
290 2016 401 2104 lepore
428 2019 655 2104 persequendo
678 2018 891 2098 velocitatem,
917 2020 1032 2088 multss
1058 2021 1282 2092 similitudines

235 2140 472 2226 sententiasque
494 2139 686 2224 composuit.
732 2138 770 2203 ln
796 2137 917 2204 diluvio
940 2139 1164 2208 DencHioneo
1183 2141 1283 2210 lineas

234 2257 388 2341 quasdam
397 2280 441 2324 ex
455 2258 595 2324 Horatio
609 2259 715 2336 duxit,
729 2260 942 2346 eumdemque
957 2259 1090 2338 effinxit,
1106 2285 1206 2348 quum
1220 2263 1284 2328 vim

234 2387 346 2442 cannis
361 2377 501 2463 Orphici
520 2379 609 2464 apud
626 2379 746 2444 inferos
765 2379 913 2445 referret.
959 2381 1044 2446 Sunt
1063 2393 1099 2446 et
1117 2380 1180 2446 slis
1199 2380 1282 2458 loca,

234 2496 400 2581 inquibus
415 2519 435 2562 a
450 2497 605 2564 Lucretio
620 2510 719 2584 atque
734 2497 868 2564 Tibullo
882 2499 1050 2585 pependit.
1089 2499 1128 2564 ln
1142 2501 1283 2566 carmine

235 2615 401 2700 pastoritio
417 2615 610 2702 Polyphemi
625 2617 692 2681 xiii.
709 2617 773 2682 789
787 2639 857 2702 sqq.
875 2615 1090 2683 Theocritum
1108 2627 1184 2684 ente
1207 2640 1284 2684 oon-

234 2731 281 2798 los
299 2733 425 2800 hahuit.
469 2733 638 2800 Nonnulli
655 2737 769 2801 sumsit
786 2738 830 2801 ab
849 2736 1028 2821 Euripide:
1051 2759 1156 2822 neque
1176 2748 1283 2804 temen

233 2853 414 2938 putandum
438 2865 500 2931 est,
520 2877 633 2940 presso
657 2877 732 2920 eum
753 2857 839 2941 pede
868 2866 1017 2922 auctores
1041 2855 1112 2922 illos
1137 2867 1284 2923 secutum

233 2994 315 3050 esse,
331 2975 390 3040 sed
409 2976 455 3039 ita
471 2995 527 3041 eos
544 2979 700 3062 respexit,
715 2987 752 3041 nt
768 2975 872 3041 solent
890 2974 1046 3061 praeclara
1059 2976 1189 3061 ingenis
1207 2973 1285 3040 alio·

234 3114 303 3158 rum
323 3095 455 3159 inventa
478 3096 511 3160 in
537 3117 631 3161 strum
651 3117 745 3162 usum
774 3107 972 3160 convertere.
1018 3094 1057 3160 ln
1085 3093 1284 3180 Tisiphones

233 3211 347 3278 habitu
361 3211 576 3278 describendo
591 3215 632 3278 iv.
645 3213 720 3291 480,
736 3215 934 3278 concertavit
945 3233 1019 3279 cum
1030 3211 1181 3298 Virgilio,
1196 3235 1285 3277 eum-

232 3353 296 3416 que
318 3331 402 3397 cdeo
427 3334 609 3418 superavit:
632 3345 666 3398 et
691 3353 766 3417 quoe
791 3330 845 3397 ille
870 3331 913 3397 de
938 3330 1057 3396 lumine
1080 3351 1140 3415 per
1163 3341 1283 3396 terrem
1368 3364 1373 3372 ·

231 3450 340 3516 fissam
359 3452 393 3516 in
412 3463 533 3518 tartara
550 3460 741 3538 penetrante
761 3451 866 3528 obiter
884 3460 1021 3526 tantum,
1036 3451 1283 3534 comparationis

231 3571 562 3647 cernennentes
584 3569 708 3635 Noster
722 3592 752 3633 v.
767 3569 833 3636 856
852 3593 922 3656 sqq.
944 3567 1045 3634 multo
1070 3567 1184 3636 melius
1209 3591 1282 3634 cum

232 3689 391 3767 Homero,
412 3692 469 3776 qui
492 3691 589 3756 etiam
607 3687 748 3776 Virgiho
771 3689 954 3774 praeiverat‚
971 3687 1134 3753 adhibuit
1179 3686 1284 3772 Supe-

232 3820 323 3874 ratus
339 3809 473 3895 quidem
486 3809 544 3874 xii.
564 3810 603 3876 12
617 3829 688 3893 sqq.
705 3808 739 3872 in
755 3805 867 3872 sabula
881 3807 924 3874 de
939 3807 1080 3888 dracone
1094 3807 1128 3870 in
1141 3803 1283 3889 lapidem

233 3933 357 3993 mutato
372 3928 415 3992 ab
429 3927 590 4003 Homer03
607 3926 665 3992 sed
680 3925 743 3990 viii.
760 3925 834 3990 738.
847 3927 881 3988 in
892 3923 1124 3992 Erisichthone
1139 3923 1285 3992 notando

234 4046 381 4130 superior
394 4043 604 4120 Callimacho,
620 4055 708 4110 certe
725 4065 791 4110 non
807 4043 961 4122 deterior,
977 4045 1149 4130 reperitur.
1196 4043 1283 4110 Lau·

234 4163 305 4229 dem
324 4164 426 4249 igitur
440 4175 474 4230 et
487 4166 520 4229 in
535 4163 605 4230 aliis
619 4165 951 4230 isnitcndiemeretur:
968 4183 1075 4248 neque
1088 4184 1166 4228 vero
1178 4163 1283 4230 inven-

235 4282 327 4348 tionis
340 4281 444 4368 glorie
457 4305 533 4350 eum
546 4283 698 4350 fraudere
712 4283 817 4350 dccet.
857 4282 989 4348 Etenim
1003 4303 1077 4367 quae
1091 4282 1134 4347 ad
1149 4281 1283 4348 oliorum

235 4401 440 4468 imitationem
472 4405 664 4490 composuit,
693 4425 733 4469 ee
763 4403 924 4470 minimam
960 4400 1146 4487 amplissimi
1174 4401 1282 4486 operis

235 4517 328 4606 hujus
348 4533 473 4606 partem
494 4521 649 4600 efficiunt,
672 4543 771 4609 quum
790 4523 957 4588 innumera
978 4521 1048 4586 loca
1069 4521 1163 4586 variis
1184 4522 1283 4586 virtu·

235 4637 318 4704 tihns
334 4639 464 4718 eximia,
478 4641 645 4708 innumera
658 4641 825 4728 figmenta,
839 4641 987 4727 plurimoe
1007 4637 1281 4724 amplificationes,

277 4777 351 4822 vor..
369 4777 419 4822 nr.
777 4787 781 4795 ·
1005 4779 1023 4823 e
