3522 6012
418 793 889 866 muranoarflosnort
913 795 1003 865 LIB.
1027 794 1110 864 VII.
1210 797 1277 865 467

225 955 472 1063 Tiistisabit;
495 982 519 1012 “
537 973 778 1072 Stabuntque
790 975 860 1048 tibi
872 983 939 1048 tua
952 972 1094 1052 foedera
1103 973 1279 1072 magno.'’

229 1087 359 1164 Dixit:
389 1101 428 1165 et
444 1090 574 1166 utilius
592 1093 733 1166 bellum
752 1102 860 1191 putat
877 1116 961 1166 esse
976 1090 1121 1177 minari,

228 1203 352 1290 Quam
370 1231 513 1303 gerere,
533 1217 647 1307 atque
666 1234 752 1284 suas
771 1209 823 1282 ibi
841 1231 1142 1306 praeconsumere
1154 1208 1264 1282 vires

279 1321 425 1396 Classis
444 1323 492 1398 ab
511 1325 684 1424 OEnopiis
703 1324 909 1398 etiamnum
927 1322 1063 1423 Lyctia
1080 1322 1197 1397 muris

229 1436 403 1536 Spectari
422 1451 590 1538 poterat;
621 1465 739 1539 quum
757 1441 869 1539 pleno
886 1439 1036 1514 concita
1052 1439 1135 1514 velo
1203 1443 1274 1514 491

227 1553 357 1630 Attica
374 1559 512 1657 puppis
530 1561 651 1646 adest,
671 1561 709 1632 in
729 1570 936 1656 portusque
954 1557 1070 1630 intrat
1086 1556 1241 1641 amicos

229 1671 324 1757 Quae
339 1673 565 1773 Cephalum,
581 1675 789 1775 patriaque
804 1673 916 1747 simul
934 1673 1111 1748 mandata
1122 1671 1278 1747 ferebat.

228 1788 395 1864 AEacidae
412 1793 525 1892 longo
538 1795 698 1890 juvenes
717 1802 804 1891 post
821 1803 990 1890 tempore
1005 1790 1129 1864 visum
1258 1889 1262 1897 Ι

228 1903 426 2002 Agnovere
443 1920 571 1984 tamen
591 1910 825 2010 Cephalum3
854 1910 1086 2006 dextrasque
1102 1907 1254 1993 dedere,

230 2020 354 2120 Inque
372 2025 489 2122 patris
507 2026 651 2102 duxere
665 2026 831 2100 domum.
885 2024 1113 2124 Spectabilis
1130 2024 1254 2124 heros,

230 2136 282 2211 Et
299 2140 436 2214 veteris
454 2142 621 2218 retinens
640 2144 845 2218 etiamnum
863 2142 1021 2242 pignora
1038 2139 1178 2226 formae,

231 2254 467 2353 Ingreditur;
497 2284 719 2361 ramumque
737 2273 870 2336 tenens
889 2257 1080 2358 popularis
1097 2255 1216 2342 olivae,

235 2371 285 2446 Et
303 2375 437 2451 dextra
455 2379 625 2477 laevaque
642 2380 738 2454 duos
757 2387 867 2454 aetate
884 2377 1047 2450 minores
1206 2375 1285 2446 499

231 2485 357 2588 Major
374 2493 502 2583 habet,
522 2495 664 2595 Clyton
682 2507 721 2572 et
740 2495 880 2582 Buten,
900 2493 1074 2567 Pallante
1092 2500 1251 2600 creatos.

232 2603 442 2706 Postquam
460 2635 665 2709 congressu
683 2612 803 2712 primo
822 2634 892 2684 sua
906 2608 1023 2684 verba
1037 2607 1206 2681 tulerunt

264 2807 320 2859 487.
338 2810 426 2877 Magno
442 2813 556 2877 namot]
583 2813 647 2864 Vide
662 2815 693 2864 sd
708 2831 732 2867 s.
781 2829 856 2864 cuns:
873 2809 1129 2876 ncnoutCephslurn
1144 2810 1284 2876 propteriro

231 2881 289 2931 547.
334 2884 524 2946 Ρνωοοωιιηκνι,
551 2897 607 2938 suta
632 2890 731 2947 bellum,
781 2888 864 2938 bulum
881 2895 1019 2953 sequentem
1037 2883 1093 2934 iude
1110 2899 1211 2933 eversu
1226 2883 1283 2932 661.

231 2956 295 3019 quoti
316 2959 467 3019 moliebatur,
487 2963 609 3012 minuere:
637 2963 731 3014 viiii.
782 2963 824 3012 ubi
838 2962 979 3012 obiorrnsm
992 2958 1088 3025 rapitur.
1122 2957 1227 3024 Pignora
1240 2973 1283 3006 es-

229 3039 367 3091 praetsnsars
382 3037 456 3084 viru:
473 3036 563 3095 livius,
577 3036 627 3086 xxi.
639 3039 733 3087 29.uo·
783 3037 894 3103 quisitius
916 3051 988 3101 quam
1008 3035 1086 3100 signs,
1107 3033 1222 3098 vestigio:
1250 3033 1284 3083 si.

231 3105 327 3154 relibasse
336 3110 404 3158 rim.
783 3113 968 3160 atomorum
976 3110 1161 3175 pignorsdsmit.
1197 3107 1284 3157 Vesevo

265 3179 321 3228 490.
339 3181 424 3244 stio
441 3199 456 3232 s
473 3184 557 3248 Lycto,
570 3185 628 3234 urbs
646 3185 733 3236 Crete.
775 3185 868 3251 sm,
884 3183 989 3250 pristinae
1008 3178 1199 3247 pulchritudiuis.
1233 3179 1282 3228 Po·

235 3251 302 3312 Vslo,·
321 3256 582 3308 Burmsunusetribus
596 3259 669 3308 MSS.
681 3276 732 3310 ms·
780 3260 880 3323 pulcris,
901 3265 1007 3325 prestat.
1055 3255 1124 3304 Oliva
1150 3254 1281 3320 popularis,

232 3325 262 3376 ll!
272 3339 347 3387 mlo,
359 3333 423 3396 quod
439 3333 515 3398 magis
529 3335 567 3398 sai
576 3337 665 3386 comto
676 3349 733 3384 cou-
782 3333 841 3400 quis
857 3341 915 3383 usta
932 3331 995 3400 sputi
1008 3329 1176 3386 Athenienses,
1185 3337 1211 3379 et
1228 3329 1284 3381 ideo

233 3403 322 3452 veniat.
346 3405 456 3456 Frustra:
482 3409 541 3457 AEn.
559 3407 576 3457 i.
594 3409 659 3457 400:
685 3409 734 3459 Aut
783 3405 1283 3477 populogratmisrlsiguumpscisspec-
1347 3411 1351 3418 '

232 3487 324 3538 imum
345 3491 415 3538 lem.
438 3492 481 3532 aut
500 3484 655 3545 plsrw'srtlt't,
676 3488 734 3534 ostia
783 3495 828 3543 tes,
846 3483 970 3549 Virgilius,
988 3482 1045 3530 AEu.
1058 3477 1109 3528 nii.
1129 3478 1284 3544 Pacifsroqua

233 3553 297 3611 κὼς
314 3552 373 3604 ibid.
384 3571 408 3604 ν.
419 3557 476 3604 281.
486 3559 542 3606 aslis
550 3558 609 3606 subit
619 3560 677 3606 ostiu
685 3559 733 3619 pls·
783 3555 1079 3620 ramussproetssulitols'os.
1112 3553 1199 3603 Buten.
1215 3553 1284 3602 Nou·

232 3629 278 3676 πίε.
304 3628 400 3678 Portum
415 3630 524 3680 intraturi
543 3631 620 3680 solent
637 3630 734 3696 quidem
784 3632 854 3690 nulli,
873 3631 973 3686 antsn,
992 3627 1056 3678 uude
1073 3626 1202 3685 Mausolus,
1218 3627 1284 3692 Reg-

233 3701 289 3751 vels
305 3703 452 3761 connubere,
467 3705 508 3755 sed
522 3705 577 3754 vide
593 3705 625 3755 sd
636 3705 667 3754 si.
678 3707 734 3756 4⁴5.
783 3707 860 3756 Attio.
869 3705 895 3754 ii.
906 3707 930 3754 6.
944 3705 1003 3754 iacit
1019 3703 1116 3767 Bsptssn
1131 3717 1147 3751 s
1159 3717 1207 3767 quo
1220 3702 1283 3766 Bry-

235 3775 267 3826 lss
282 3787 404 3842 portusque
420 3783 495 3829 istros
510 3783 599 3830 ambos.
632 3780 735 3830 Codices
784 3782 893 3832 adaram
903 3780 996 3830 familia
1002 3778 1065 3845 spud
1072 3775 1232 3827 Athenienses
1242 3777 1285 3828 de·

234 3851 310 3900 nostri
328 3853 401 3918 Regii
420 3854 551 3920 simplicius
567 3863 592 3904 et
609 3855 697 3914 leuius,
713 3864 735 3904 st
785 3855 924 3913 scandebat,
946 3863 973 3904 ut
998 3869 1014 3903 s
1039 3852 1101 3901 Burs
1125 3851 1283 3902 Butsdsrum.

231 3936 314 3988 portus
333 3929 410 3978 intrat
429 3933 520 3980 amicos.
561 3929 644 3978 lectio
662 3929 737 3980 altera
787 3929 948 3988 Patimfitius
958 3925 1030 3977 Nelei
1038 3925 1284 3992 quituittrstcr'l'he·

234 4000 316 4062 nescio
326 4001 385 4067 quid
399 4003 459 4053 rude
472 4011 498 4052 et
510 4011 642 4053 contortum
656 4002 737 4054 habet.
785 4003 828 4054 sei.
839 4002 897 4053 Vid.
905 4001 1023 4068 Hyginus,
1031 4000 1175 4050 [abutauro.
1191 4001 1286 4050 Eumet

237 4074 360 4138 Cephalus,
370 4069 567 4136 Belminatis
577 4077 617 4128 alii
628 4077 735 4136 tradunt,
786 4078 847 4128 filios
856 4093 894 4127 res
905 4091 979 4128 novas
992 4075 1115 4125 molientes
1126 4083 1209 4140 postes
1221 4074 1286 4124 'lbe-

236 4147 352 4201 Mercurii
369 4152 440 4210 lilius,
455 4153 496 4218 qui
513 4153 634 4210 Procride,
647 4152 736 4202 Erech-
786 4168 840 4202 scus
855 4150 983 4202 interiecit.
1005 4151 1111 4200 Psusau.
1127 4147 1203 4198 Attic.
1216 4165 1242 4216 p.
1251 4150 1282 4200 ol

235 4225 286 4275 thei
307 4225 388 4282 iliam,
410 4225 437 4275 in
455 4227 603 4277 matrimonio
624 4227 736 4277 habebat.
785 4235 811 4276 et
821 4229 863 4276 70.

235 4300 319 4351 Fttisss
329 4301 462 4367 Cephslum
470 4302 581 4366 juvenem
593 4301 657 4368 spud
666 4301 736 4366 AEgi·
817 4303 874 4351 ool.
892 4301 1013 4363 Postquam
1026 4298 1284 4364 magma-cecropi·

234 4391 323 4426 names
339 4391 353 4424 e
370 4378 624 4443 versuolti.sppsrst.
657 4375 736 4442 lango
784 4375 839 4439 dm]
876 4374 927 4422 llos
947 4389 1028 4422 semus
1048 4371 1115 4421 aliter
1136 4369 1234 4422 dederat
1251 4373 1284 4422 cl.

234 4459 284 4512 post
301 4458 407 4512 temporo.
432 4449 471 4499 Its
481 4460 507 4500 et
517 4449 640 4515 Virgilius,
651 4449 735 4515 Eclog.
786 4449 883 4514 Giarig:
896 4448 1017 4512 Postquam
1025 4461 1155 4512 congressus
1162 4447 1285 4508 prissiaco

230 4523 255 4572 i.
273 4525 316 4573 80.
333 4524 441 4586 Βιῳαίι
459 4533 543 4582 smum,
561 4534 584 4573 or
605 4525 672 4589 largo
686 4533 735 4586 poss
784 4524 984 4581 votasuteronn
1003 4521 1151 4584 Cecropidum
1163 4519 1285 4582 Captum

232 4602 417 4662 tammonis.
784 4607 833 4648 etc.
841 4608 867 4648 et
877 4597 929 4646 bec
939 4595 1043 4663 subjicit,
1052 4602 1068 4624 ‘⁴
1080 4592 1216 4660 Congrum
1223 4592 1286 4644 (lixit

270 4674 326 4722 496.
350 4672 504 4737 Spartam]
539 4674 624 4722 Forma
642 4671 734 4738 compi·
785 4689 828 4739 pro
837 4671 1056 4738 cmgrodicntibusr
1073 4685 1120 4720 non
1130 4677 1211 4720 tsrncn
1221 4669 1283 4720 hauc
