3468 5994
448 785 514 854 822
740 783 780 850 P.
804 783 968 850 OVIDII
993 781 1204 851 NASONIS

449 959 525 1036 Ter
540 969 675 1059 quater
691 959 819 1057 exegit
835 960 996 1058 repetita
1012 984 1079 1058 per
1098 960 1163 1035 ilia
1177 961 1328 1036 ferrum.

449 1074 577 1151 Litora
592 1100 680 1150 cum
697 1076 831 1174 plausu
848 1076 990 1150 clamor
1008 1099 1239 1174 superasque
1259 1075 1424 1151 Deorum

450 1191 659 1292 Implevere
676 1191 826 1266 domos:
847 1191 1025 1288 gaudent,
1041 1216 1298 1290 generumque
1316 1194 1494 1280 salutant,

446 1309 719 1407 Auxiliumque
735 1310 870 1384 domus
888 1319 1190 1408 servatoremque
1204 1310 1369 1386 fatentur
1419 1313 1493 1384 736

450 1424 647 1524 Cassiope,
667 1425 923 1525 Cepheusque
940 1435 1069 1525 pater:
1098 1427 1263 1501 resoluta
1279 1427 1422 1503 catenis

449 1541 599 1616 Incedit
614 1542 731 1640 virgo,
748 1541 987 1641 pretiumque
1003 1552 1044 1617 et
1061 1567 1177 1617 causa
1193 1544 1344 1618 laboris.

450 1658 539 1758 lpse
557 1683 689 1733 manus
707 1659 843 1734 hausta
858 1660 1031 1734 victrices
1049 1660 1169 1734 abluit
1186 1661 1287 1734 unda
1297 1689 1307 1750 ;

449 1774 770 1873 Anguiserumque
787 1787 904 1876 caput
920 1777 1014 1851 dura
1031 1801 1079 1851 ne
1096 1777 1211 1851 laedat
1227 1799 1353 1864 arena,
1420 1779 1497 1874 740

451 1891 577 1966 Mollit
592 1893 749 1966 humum
766 1892 887 1982 foliis3
917 1905 1102 1993 natasque
1119 1895 1191 1968 sub
1209 1917 1358 1992 aequore
1372 1893 1495 1988 virgas

451 2007 604 2095 Sternit,
624 2019 663 2084 et
680 2009 840 2108 imponit
857 2008 1119 2108 Phorcynidos
1136 2033 1201 2083 ora
1219 2009 1404 2083 Medusae.

450 2123 566 2222 Virga
583 2148 726 2212 recens,
742 2113 948 2223 bibulaque
965 2126 1171 2200 etiamnum
1188 2125 1272 2200 viva
1289 2125 1465 2211 medulla,

453 2240 537 2314 Vim
555 2240 679 2339 rapuit
691 2241 866 2329 monstri,
885 2252 1068 2339 tactuque
1085 2242 1250 2315 induruit
1267 2243 1401 2341 hujus3

450 2357 705 2456 Percepitque
722 2363 859 2432 novum
873 2359 987 2432 ramis
1006 2369 1044 2434 et
1058 2358 1189 2433 fronde
1207 2359 1379 2456 rigorem.
1419 2361 1494 2432 745

450 2471 503 2546 At
520 2473 643 2571 pelagi
659 2473 849 2572 Nymphae
867 2473 1009 2548 factum
1027 2473 1196 2548 mirabile
1214 2483 1362 2548 tentant

450 2586 628 2663 Pluribus
646 2588 685 2662 in
701 2588 827 2686 virgis,
843 2599 883 2664 et
899 2589 1000 2664 idem
1017 2589 1234 2687 contingere
1253 2589 1440 2686 gaudent;

449 2705 681 2804 Seminaque
698 2731 747 2780 ex
765 2705 838 2780 illis
856 2706 995 2781 iterant
1006 2707 1153 2804 jactata
1169 2729 1236 2805 per
1253 2705 1385 2779 undas.

452 2821 489 2896 N
492 2847 565 2896 unc
583 2846 736 2921 quoque
753 2823 904 2898 curaliis
922 2823 1056 2898 eadem
1075 2832 1209 2898 natura
1226 2821 1418 2907 remansit,

482 3081 540 3130 733.
556 3080 634 3147 Erigit
643 3081 748 3148 serrum,
759 3083 801 3148 qui
811 3082 837 3132 id
850 3083 948 3134 summis

449 3153 537 3204 viribus
545 3155 668 3220 transigit:
680 3155 734 3206 vide
743 3157 802 3206 lntt.
813 3157 844 3206 ad
854 3155 948 3216 Silium,

448 3228 466 3277 i.
476 3231 532 3277 642.
566 3229 680 3293 Repetite,
698 3231 785 3296 sepius
801 3231 885 3297 petitu.
908 3232 948 3280 Sic

450 3303 585 3368 frequenter
605 3301 714 3361 Ovidius,
734 3321 757 3353 v.
777 3305 833 3354 473.
852 3310 949 3368 repetite

448 3381 560 3439 perculerit
570 3387 662 3439 pretore
676 3379 774 3441 pulmis5
787 3377 818 3426 vi.
829 3381 870 3429 20.
885 3395 949 3442 repe-

450 3455 495 3500 tita
502 3453 588 3500 vellera
598 3453 715 3510 mollibat,·
726 3451 775 3502 viii.
782 3454 840 3502 770.
851 3457 948 3516 repetitu

448 3527 526 3576 rubore
537 3528 642 3576 cadebat.
674 3528 862 3588 summamus
889 3527 947 3577 Cla·

450 3616 501 3650 mor
515 3601 623 3650 ascendit
633 3601 663 3650 ad
674 3601 772 3651 coelum.
792 3601 860 3650 Nihil
872 3601 946 3652 aliud.

450 3675 567 3724 Generum
582 3677 685 3725 autumat
699 3693 713 3724 e
725 3675 824 3726 formula
838 3676 945 3726 solenni:

449 3749 520 3799 Salve
529 3765 611 3815 gener.
632 3750 673 3800 stc
683 3768 767 3816 regem,
777 3761 873 3816 portem
882 3754 945 3802 tulu-

450 3833 507 3872 tare.
542 3823 655 3881 Pretium,
666 3823 797 3890 premium.

483 3897 539 3946 739.
555 3896 606 3960 iper
615 3898 774 3962 mamu,etc.]
801 3897 878 3964 Prope
888 3899 946 3964 Jop-

449 3985 496 4034 peu
516 3969 684 4020 ostendebatur
704 3985 768 4036 aqut
787 3970 868 4027 rutile,
888 3987 945 4037 que,

448 4043 589 4110 interempto
595 4053 657 4103 oete,
664 4061 771 4095 cruorem
779 4043 883 4095 abluisse
890 4045 947 4095 Per·

448 4131 504 4166 reue
517 4117 668 4168 credebatur.
692 4119 797 4168 Pauran.
809 4119 914 4168 Meroen.
922 4135 947 4182 p.

449 4191 508 4239 370.
542 4191 644 4250 Mollira,
655 4191 804 4258 exquisitius,
817 4207 899 4258 quam,
911 4199 948 4242 tc·

449 4278 514 4326 gere.
543 4264 643 4327 imponit
652 4283 703 4315 ore.
736 4266 766 4315 Iu
783 4265 873 4332 Orphei
883 4265 947 4316 nn.

448 4337 548 4386 Perseus
559 4339 668 4388 Medusae
679 4339 746 4389 crede
756 4338 861 4405 pollutus
871 4340 901 4388 ad
917 4339 946 4388 li·

449 4419 488 4460 tus
497 4409 599 4469 ιοοοὰἰῑ,
609 4421 671 4462 utet
685 4411 807 4477 piaculum
820 4413 912 4470 abluat,
922 4423 947 4462 et

448 4483 613 4548 serelrigeret.
646 4485 741 4535 Interea
752 4486 856 4536 editum
868 4486 946 4538 adbuc

448 4563 521 4624 caput
537 4555 638 4624 imponit
655 4557 733 4622 virgis,
751 4573 805 4624 qure
832 4560 946 4624 sanguine

446 4639 589 4682 saturemur.
622 4633 785 4697 Phorcynidos,
796 4633 864 4698 cujus
880 4644 947 4699 peter

996 3080 1111 3132 Phorcus.
1136 3079 1235 3130 llem'od.
1249 3079 1360 3130 Tum
1392 3077 1498 3127 Diceba-

996 3165 1035 3207 tur
1049 3172 1144 3222 quoque
1161 3157 1272 3220 Phorcys,
1286 3155 1423 3214 Proteum
1441 3153 1498 3202 vide

996 3245 1045 3280 ver.
1056 3231 1113 3278 774.

1029 3307 1086 3355 743.
1106 3305 1162 3354 Viva
1176 3303 1261 3354 eadem
1277 3319 1331 3369 qum
1340 3319 1426 3358 meus.
1438 3319 1500 3352 uon·

997 3379 1055 3430 dum
1065 3379 1179 3437 mucida,
1190 3379 1216 3428 in
1226 3377 1295 3444 cujus
1305 3379 1413 3434 multa,
1424 3377 1500 3434 νώ,

997 3453 1062 3503 tucci
1078 3453 1165 3503 adbuc.
1199 3453 1288 3516 Rapuit
1305 3456 1359 3509 mm,
1369 3452 1433 3500 illico
1451 3467 1498 3499 ex·

996 3537 1108 3594 permeet
1117 3525 1166 3576 vim
1176 3527 1254 3576 illem.
1271 3527 1499 3582 Iudumdtmueam
1520 3589 1522 3594 ,

995 3612 1105 3651 mtumm
1120 3601 1229 3666 accepit5
1245 3601 1288 3650 sed
1304 3599 1414 3650 duritiem
1427 3598 1499 3649 Sebi-
1508 3607 1523 3624 ⁸

995 3674 1060 3724 racb-
1071 3685 1137 3724 meat
1147 3691 1176 3724 ro
1187 3676 1263 3737 trdus.

1027 3749 1086 3798 746.
1104 3749 1187 3814 Pelegr'
1196 3749 1314 3813 Nymphae
1322 3763 1368 3797 non
1378 3748 1428 3814 ipae
1435 3749 1499 3796 Ovi-

995 3819 1049 3870 diur
1060 3821 1167 3882 addidit3
1183 3821 1225 3871 sed
1236 3831 1261 3870 et
1271 3821 1383 3887 Orpheus
1393 3820 1417 3869 iu
1428 3821 1498 3870 Litb.

997 3893 1079 3953 babet,
1087 3911 1222 3960 quanquam
1229 3894 1263 3944 ibi
1271 3894 1320 3944 alia
1328 3911 1407 3943 earum
1416 3910 1501 3959 opera.

996 3968 1141 4033 Sanguinem
1150 3968 1224 4024 enim,
1235 3984 1283 4035 quo
1292 3968 1365 4032 virga·
1376 3975 1502 4026 uturum,

996 4039 1031 4090 ita
1041 4042 1203 4108 compingunt,
1212 4050 1239 4090 ut
1249 4040 1311 4108 lapi·
1321 4057 1373 4090 ereo
1383 4040 1504 4092 videatur.

998 4115 1107 4174 Tantam,
1113 4116 1216 4166 admotis
1223 4117 1331 4183 pluribus
1339 4116 1505 4182 virgiscapiti.

998 4189 1089 4240 iterant
1096 4194 1201 4254 jactate,
1212 4191 1320 4257 repetitis
1330 4191 1422 4240 vicibus
1431 4205 1504 4257 epar.-

997 4273 1068 4330 guut.
1102 4266 1207 4325 ductare,
1218 4281 1304 4324 serere,
1314 4281 1432 4332 spargere.

1030 4341 1085 4390 749.
1104 4341 1207 4390 curaliis
1216 4340 1285 4390 dedit
1294 4339 1408 4390 Heinsius
1417 4355 1432 4388 e
1442 4339 1505 4389 lilo-

996 4413 1088 4480 reatino
1096 4415 1121 4463 S.
1127 4414 1205 4465 Marci
1213 4424 1237 4464 et
1245 4414 1405 4480 Neapolitano
1411 4429 1505 4478 praem

995 4487 1069 4544 retiis,
1074 4487 1133 4552 quia
1140 4488 1280 4538 vetustiores
1288 4487 1369 4537 Greci
1377 4485 1506 4552 κουρόλιιι

996 4570 1022 4609 et
1031 4561 1160 4626 ιωὺραλλα
1170 4562 1320 4628 scripserunt.
1341 4559 1414 4624 Regii
1423 4559 1505 4610 metri

996 4633 1085 4685 babent
1103 4639 1201 4688 meliis.
1242 4636 1344 4686 Minime
1361 4638 1440 4685 κάη
1455 4653 1506 4686 reu·
