3588 6000
393 776 461 843 DE
484 773 649 842 OPERE
672 773 1166 844 METAMORPHOSEON.
1194 779 1307 844 xxxvii

256 973 321 1016 ma
339 959 408 1018 tota
428 957 549 1026 coeunt
565 947 704 1035 fictum
722 948 839 1026 orbern,
853 948 925 1033 ipse
940 949 1126 1035 pientissima
1145 949 1260 1036 fulget,
1275 962 1309 1018 et

256 1070 361 1136 solida
382 1067 524 1156 inagna
552 1076 678 1152 spectet
701 1067 931 1132 terrm-xii.
953 1067 996 1132 46
1019 1089 1089 1154 sqq.
1117 1066 1217 1136 Fsms
1240 1079 1308 1136 tota

246 1189 374 1276 sternit,
392 1209 484 1254 voees
506 1187 617 1273 refert,
637 1187 735 1252 iterat
757 1188 844 1272 quod
863 1187 967 1263 audit,
981 1186 1084 1252 Nulla
1103 1188 1193 1274 φάει
1212 1189 1308 1266 irtus,

257 1307 404 1394 udaque
421 1307 549 1374 silentia
565 1315 674 1393 parte.
722 1305 826 1373 Miror
844 1308 954 1392 itaque
969 1306 1118 1384 Critieos,
1133 1307 1190 1394 qui
1209 1307 1309 1374 biset

257 1425 374 1492 tatibus
402 1447 468 1490 non
496 1423 612 1494 offensi
640 1436 759 1502 essent,
781 1445 893 1490 versus
922 1445 1069 1490 resecare
1095 1423 1245 1504 voluisse,
1274 1427 1308 1492 in

257 1546 374 1631 quibus
397 1543 499 1612 multo
526 1545 633 1642 minus
658 1544 896 1620 redundantiae,
922 1554 960 1609 ut
982 1543 1045 1608 viii.
1069 1543 1111 1608 87
1122 1570 1130 1622 ;
1153 1545 1211 1610 ubi
1232 1555 1307 1630 post

257 1665 358 1732 serbe
375 1666 556 1751 praedaque
575 1663 682 1750 potita
708 1663 849 1760 manda
869 1663 1015 1748 sequitur
1038 1685 1148 1729 versus
1170 1663 1307 1730 Heinsio

256 1783 476 1871 improbatus:

335 1933 407 1994 Fert
419 1953 518 1994 secum
531 1933 654 2012 spolium
667 1933 792 2003 sceleris,
804 1953 1011 2042 progressaque
1024 1945 1117 2013 ports,
1131 1945 1185 1995 etc

259 2147 353 2214 Talis
365 2149 450 2214 bene
464 2146 565 2214 mults
575 2147 816 2214 commemorari
826 2125 970 2232 possent.
1004 2146 1101 2232 Saepe
1112 2148 1196 2212 enim
1207 2149 1308 2214 otiose

258 2267 411 2334 nonnulle
439 2267 581 2355 subjicit,
606 2279 640 2334 et
665 2267 829 2334 interdum
854 2267 933 2332 setis
956 2266 1208 2352 longae—iii.
1231 2267 1307 2345 715,

257 2388 339 2452 bene
362 2387 456 2464 dixit,
479 2388 544 2452 ruit
565 2387 665 2452 omas
689 2387 723 2452 in
747 2409 839 2450 cmm
869 2385 979 2450 Turba
992 2383 1124 2470 firm,
1143 2385 1240 2450 modo
1265 2407 1306 2452 ne

258 2506 446 2583 addidisset,
467 2515 586 2572 cuncter
609 2513 720 2570 coemat
743 2513 925 2589 umque
949 2503 1210 2589 sequuntur.—ii.
1235 2505 1305 2582 168,

258 2623 342 2690 Solis
356 2625 432 2710 equi
451 2633 546 2689 tumst
559 2624 728 2709 tritumque
741 2623 921 2708 relinquunt
936 2622 1110 2712 Spatium*
1140 2621 1215 2689 Hoc
1229 2623 1306 2689 sstis

257 2744 387 2822 iirisset;
410 2745 468 2810 sed
489 2746 600 2830 inepte
616 2745 734 2830 pergit,
754 2765 822 2820 nec,
838 2767 900 2830 quc
917 2745 1020 2830 prius,
1036 2745 1305 2810 ordine'cumst.

258 2863 337 2943 Ubi,
352 2865 394 2928 iv.
411 2864 486 2943 300,
505 2863 627 2930 fontem
649 2863 772 2930 clarum
794 2865 871 2930 satis
893 2864 1120 2950 descripserat,
1140 2885 1205 2928 non
1224 2875 1305 2941 erat,

258 3005 316 3049 eur
335 2983 482 3061 adderet,
496 2983 690 3070 perspicuus
711 2981 816 3068 liquor
837 2990 895 3046 est.
920 2981 1036 3056 Quid?
1067 2981 1111 3047 xi.
1134 2982 1209 3059 519,
1230 2993 1306 3068 post

255 3101 419 3168 horrende
441 3102 640 3188 tempestatis
662 3100 875 3186 phaenomena
898 3111 1018 3176 monet,
1040 3099 1111 3164 cela
1135 3101 1303 3166 maduere.

255 3222 333 3288 Nun
352 3223 452 3310 igitur
471 3233 552 3300 erat,
572 3245 631 3287 cur
653 3221 820 3297 Heinsius,
836 3219 890 3283 vii.
911 3219 986 3296 527,
1001 3217 1101 3283 verbu
1123 3239 1196 3304 qsae
1219 3219 1304 3286 vista

245 3341 393 3427 jacebas,
408 3352 447 3405 ut
467 3341 571 3406 otiose
589 3351 623 3406 et
641 3337 795 3424 languida
808 3347 884 3423 post
905 3337 1083 3422 superiora,
1101 3335 1209 3403 delete
1229 3335 1307 3402 msi-

255 3458 309 3526 let.
356 3459 586 3546 Intempestive
608 3460 705 3526 etism
723 3459 847 3534 inserit,
862 3477 937 3542 quae
956 3455 1107 3522 brevitati
1127 3467 1161 3521 et
1181 3456 1306 3542 perspi·

255 3579 367 3644 csritsti
388 3579 604 3644 obsunt-iv.
623 3577 755 3652 616-19,
780 3573 920 3640 Perseus
945 3595 1045 3658 super
1065 3572 1206 3658 Libycas
1227 3594 1306 3659 pen-

256 3697 313 3762 det
336 3719 463 3775 arenss,
482 3710 528 3774 et,
548 3697 624 3774 626,
645 3693 790 3761 consistit
815 3694 848 3757 in
871 3714 973 3778 regno
988 3690 1141 3757 Atlantis.
1179 3690 1305 3756 Versus

255 3817 353 3903 igitur
368 3817 500 3894 621125,
515 3817 548 3880 in
562 3815 681 3901 quibus
695 3813 760 3879 huc
775 3824 809 3879 et
823 3811 910 3890 illuc,
925 3815 967 3879 sd
982 3812 1103 3878 Arctos
1114 3823 1148 3877 et
1162 3811 1203 3877 ad
1221 3812 1306 3877 Can·

255 3957 344 4002 crum
365 3935 462 4012 voist,
486 3933 591 4000 alieno
615 3931 687 3999 loco
711 3933 882 4019 interjecti.
929 3929 1013 3996 Sunt
1035 3941 1148 3997 contre
1168 3929 1250 4008 loca,
1272 3931 1304 3994 in

155 4071 158 4082 ·
254 4056 375 4142 quibus
397 4055 493 4120 nism'c
516 4055 682 4122 brevitatis
701 4053 806 4120 sudio
828 4053 934 4118 sactus
957 4061 1008 4118 est
1029 4052 1205 4118 obscurior.
1252 4049 1304 4116 Eo

254 4175 343 4253 vitio,
364 4175 385 4240 i.
414 4176 476 4239 170
503 4195 573 4259 sqq.
597 4171 724 4238 laborat
750 4171 836 4236 sedis
865 4168 1006 4236 coelestis
1031 4167 1218 4254 descriptio,
1243 4189 1303 4234 nec

254 4296 434 4382 quisquam,
449 4294 490 4359 iv.
507 4294 570 4359 787
586 4315 656 4379 sqq.
672 4291 728 4358 ills

332 4555 483 4636 Eripuisse
493 4565 581 4636 ceput
592 4553 672 4624 collo,
685 4554 845 4634 pennisque
857 4553 989 4633 frrgncem

332 4651 463 4730 Psgsscn
476 4661 506 4712 et
519 4649 648 4720 fratrum
662 4649 764 4710 metris
776 4648 813 4710 de
825 4648 967 4728 sunguine
980 4659 1071 4716 nstcs,
