3468 5994
424 783 897 880 umruonpflosnors
922 789 1012 857 LIB.
1037 791 1080 858 V.
1213 797 1279 864 349

223 955 297 1032 Vel
315 982 384 1032 nos
404 939 591 1035 Emathiis
609 961 658 1036 ad
677 961 837 1040 Paeonas
852 989 974 1064 usque
991 967 1142 1044 nivosos

222 1073 417 1150 cedemus
432 1077 599 1176 campis:
626 1080 805 1157 dirimant
821 1083 1027 1160 certamina
1045 1085 1274 1185 Nympbae.’'

221 1189 348 1291 Turpe
366 1192 521 1292 quidem
538 1197 768 1272 contendere
786 1210 887 1288 erat;
914 1201 982 1274 sed
1000 1202 1135 1276 cedere
1152 1203 1274 1277 visum

222 1304 408 1407 Turpius:
428 1310 703 1410 electaejurant
719 1339 787 1414 per
804 1314 959 1390 flumina
974 1315 1178 1416 Nymphae
1197 1321 1272 1394 316

222 1422 417 1522 Factaque
434 1426 483 1501 de
499 1427 582 1502 vivo
600 1452 772 1526 pressere
789 1431 923 1506 sedilia
940 1457 1046 1507 saxo.

221 1537 341 1629 Tunc,
370 1542 451 1617 sine
478 1552 577 1618 sorte
604 1544 717 1642 prior,
745 1570 831 1644 quae
859 1573 900 1623 se
930 1560 1076 1625 certare
1102 1551 1273 1650 professa

222 1655 332 1732 Bella
345 1659 448 1733 canit
463 1660 673 1761 Superum;
694 1663 865 1762 falsoque
879 1665 917 1738 in
932 1655 1073 1741 honore
1085 1665 1270 1765 Gigantas

220 1771 347 1864 Ponit,
367 1785 407 1850 et
423 1789 605 1853 extenuat
622 1803 842 1876 magnorum
860 1782 959 1856 facta
978 1782 1158 1871 Deorum,
1194 1788 1270 1858 320

219 1889 489 1991 Emissumque
508 1895 583 1969 ima
599 1895 648 1970 de
667 1897 757 1971 sede
775 1896 960 1996 Typhoea
975 1909 1084 1972 terrae

220 2005 418 2084 Caelitibus
436 2008 571 2085 fecisse
589 2021 753 2102 metum;
782 2025 1017 2112 cunctosque
1034 2011 1188 2089 dedisse

217 2122 342 2222 Terga
358 2125 477 2224 fugae;
506 2129 627 2204 donec
645 2129 764 2205 fessos
782 2130 964 2230 AEgyptia
980 2130 1093 2204 tellus

217 2239 386 2340 Ceperit,
405 2256 446 2317 et
463 2256 611 2345 septem
628 2247 814 2322 discretus
832 2249 872 2322 in
888 2247 987 2324 ostia
1005 2245 1129 2322 Nilus.
1195 2285 1198 2294 ·

215 2353 304 2432 Huc
318 2382 472 2459 quoque
489 2364 714 2462 terrigenam
728 2365 876 2440 venisse
890 2363 1074 2463 Typhoea
1091 2376 1228 2453 narrat,

214 2558 368 2611 Macedonia.
385 2562 527 2613 lustinrii.
545 2565 567 2613 l.
599 2565 658 2632 Ejus
670 2581 712 2632 op·

212 2631 297 2695 pidum
309 2633 384 2692 Pella,
403 2637 481 2702 patria
497 2636 627 2688 Pieridum.
653 2638 711 2690 Pss-

761 2566 813 2632 ipee
824 2566 914 2616 coelum
921 2564 1077 2632 oppugnarit,
1081 2564 1199 2632 jactisque
1207 2581 1263 2616 cum

762 2641 832 2690 sibilo
843 2649 868 2690 et
877 2641 951 2690 boatu
962 2639 1120 2690 candentibus
1128 2639 1263 2692 asaneus

1183 1439 1270 1524 [est
1378 1483 1379 1490 κ

214 2715 262 2756 tem
271 2707 423 2759 Mecedomm
439 2711 649 2777 septentrionalem
662 2714 712 2762 Pe·

213 2784 266 2830 oss'a
282 2785 422 2849 protegebat
436 2801 451 2835 s
466 2785 586 2836 Triballis.
602 2786 665 2836 Plin.
679 2787 712 2836 ir.

214 2856 253 2904 10.
288 2857 558 2925 Nirosos.quisGraeeis
571 2860 602 2909 ad
617 2869 712 2926 septen·

212 2929 322 2980 trionem.
361 2933 483 2983 Dirimant
503 2939 646 2996 emunim
670 2936 710 3001 ju·

211 3003 277 3054 dices
304 3005 404 3056 sedeam
430 3010 573 3060 certaminis.
611 3009 711 3060 ludices

210 3077 363 3145 eligebantur,
373 3081 483 3133 sedentes
494 3084 677 3148 cognoscebant,
684 3093 709 3134 et

202 3157 285 3216 jurari
306 3156 448 3205 senteutiam
466 3156 588 3208 dicebaut.
621 3159 709 3208 Sedils'e

209 3230 261 3276 sios
276 3245 329 3278 saro
344 3229 417 3280 etiam
428 3233 485 3282 AEu.
496 3231 513 3280 i.
525 3231 580 3282 167.
597 3231 622 3281 in
636 3231 708 3282 domo

211 3302 388 3369 Nympharum.

240 3379 300 3428 313.
318 3378 392 3436 Tune,
403 3381 451 3428 sisse
459 3389 526 3438 sorte,
537 3379 599 3443 etc.]
619 3380 648 3429 ln
657 3397 708 3430 cer-

206 3453 338 3504 taminibus
351 3463 411 3504 sorte
424 3454 563 3520 plerumque
577 3455 706 3506 constitue·

205 3528 287 3584 bstur,
305 3537 358 3576 uter
373 3527 514 3578 certantium
529 3531 593 3591 prior
608 3529 706 3580 diceret.

205 3603 282 3652 Nunc
295 3619 344 3652 una
353 3602 475 3653 Pieridum
491 3602 544 3670 ipss
556 3603 601 3652 boc
610 3604 655 3652 sibi
667 3621 704 3656 sr-

205 3685 283 3742 rugat.
316 3677 417 3730 lensius
429 3693 485 3727 sero
499 3677 535 3726 sic
551 3677 705 3744 interpuugit,

206 3761 274 3808 tune,
285 3755 335 3800 sisse
348 3763 415 3810 sorte,
429 3755 501 3815 prior,
515 3769 562 3816 que
578 3769 608 3812 ss,
618 3757 667 3804 ete.
678 3763 705 3804 ut

201 3831 270 3889 prior
294 3827 326 3876 ait
345 3836 403 3876 natu
431 3827 505 3893 major
530 3843 572 3876 seu
593 3827 704 3878 maxima.

201 3903 284 3968 Turpe
298 3912 379 3952 sutem
398 3902 453 3952 Diis
470 3913 635 3968 argumentum
653 3912 704 3953 erat

201 3976 318 4026 carminis
327 3992 380 4044 seq.
415 3977 503 4026 Ponere
513 3981 539 4025 s'n
550 3979 639 4034 ismara,
650 3976 703 4026 red-

140 4097 149 4106 .
200 4053 261 4102 dere
271 4051 421 4109 honoratum,
432 4052 642 4102 commemorandis
652 4053 704 4117 ejus

200 4125 338 4176 virtutibus.
371 4126 483 4176 Similiter
501 4143 585 4188 ponem
601 4131 627 4176 in
647 4145 701 4192 gra-

201 4205 245 4259 tie,
265 4199 318 4248 Cic.
336 4200 410 4250 Attia.
422 4203 455 4252 V.
473 4200 505 4250 iii.
525 4203 570 4250 ll:
590 4199 640 4250 vid.
659 4201 701 4250 Er·

199 4275 266 4325 nesti
277 4275 347 4325 Clsr.
355 4275 409 4325 Cic.
420 4291 446 4325 v.
455 4279 544 4341 grstia
571 4275 699 4333 Esteauat,

197 4349 330 4400 imminuit.

232 4425 293 4474 321.
317 4423 433 4486 Typhoeus
454 4431 496 4472 aut
519 4423 612 4488 Typlron
640 4425 701 4489 (Tu-

194 4499 289 4564 μὴ,
310 4495 412 4562 lupulo)
434 4506 563 4548 monstrum
589 4497 702 4554 immane,

195 4571 267 4639 quod
274 4572 355 4628 Terra,
360 4571 461 4622 devietis
471 4571 615 4637 Gigantibus
626 4573 702 4638 magis

194 4647 353 4702 camerinam,
366 4661 381 4695 a
394 4645 492 4696 Tartaro
507 4647 608 4714 peperit.
642 4648 701 4698 Iset

762 2715 854 2764 terruit.
872 2711 1030 2766 Hennam.
1042 2715 1170 2780 820sqq.;
1186 2714 1262 2780 Apol·

761 2787 813 2838 lod.
833 2788 856 2837 1.
872 2788 904 2839 ri.
918 2791 951 2850 ³3
967 2789 1059 2839 Aulon.
1077 2788 1130 2837 lib.
1148 2789 1221 2838 xxviii
1236 2799 1262 2839 et

762 2861 835 2923 alrii3
851 2862 930 2912 Schol.
940 2861 1051 2927 AEeebyli
1062 2861 1093 2910 ad
1106 2862 1186 2912 Pmm.
1197 2863 1261 2924 ³t1;

761 2937 826 3003 Hyg.
838 2937 977 2987 1111115211
990 2937 1045 2987 196.
1071 2936 1260 3003 Edeacriptione

761 3010 860 3060 Hesiodi
874 3010 944 3060 lacile
955 3018 1064 3076 apparet,
1075 3019 1157 3060 ventos
1166 3009 1260 3076 proeel-

757 3086 830 3144 losos,
848 3095 927 3142 motne
944 3095 1011 3135 terre
1028 3085 1183 3152 flammaeque
1202 3085 1258 3138 iuda

758 3171 909 3228 erumpentes
920 3161 976 3212 hnic
991 3160 1080 3210 bodoni
1091 3159 1205 3225 originem
1214 3159 1257 3209 de·

757 3235 829 3286 disse.
861 3237 929 3302 Fuga
946 3237 1053 3286 Deorum
1070 3243 1213 3284 mutatorum
1230 3234 1256 3284 in

758 3312 901 3376 AEgyptum‚
922 3310 964 3360 nbi
983 3309 1026 3360 Dii
1044 3310 1089 3359 sub
1107 3307 1188 3358 formis
1205 3309 1257 3358 sni-

758 3383 875 3433 mantium
896 3383 1044 3441 colebantur,
1065 3381 1147 3433 addita
1165 3393 1210 3439 est,
1229 3392 1256 3432 ut

758 3457 842 3522 religio
868 3457 1014 3524 AEgyptiacs
1039 3456 1257 3508 accommodaretur

760 3529 860 3579 Graece.
892 3529 983 3579 Eadem
1000 3530 1071 3595 igitur
1081 3529 1256 3580 tradebantsa·
1347 3549 1349 3556 ·

757 3604 865 3654 cerdotee
885 3603 1003 3670 AEgyptii.
1035 3603 1154 3670 Hyginus,
1175 3606 1205 3653 P.
1221 3603 1253 3654 A.

755 3678 780 3728 ii.
791 3680 833 3728 23.

788 3755 845 3804 325.
855 3752 1024 3818 Tmigsmm]
1044 3751 1156 3818 Γηγενής
1165 3751 1253 3802 dieitur

755 3829 828 3878 etism
845 3829 969 3894 AEsebylo.
993 3828 1127 3878 AJunone
1142 3843 1251 3894 proeres-

754 3904 832 3954 turin
847 3904 871 3955 b.
889 3903 915 3952 in
930 3903 1011 3972 Apoll.
1024 3903 1073 3952 306
1088 3917 1141 3966 sqq.
1156 3902 1197 3952 ubi
1213 3901 1251 3954 bic

753 3977 850 4042 mythos
861 3977 932 4026 aliter
942 3985 1057 4026 narratur.
1084 3974 1132 4034 Qui
1143 3975 1168 4024 in
1179 3975 1252 4034 aliam

753 4052 849 4100 formam
864 4059 1035 4108 transeuntes
1049 4067 1071 4099 se
1083 4053 1157 4100 celare
1166 4051 1251 4102 dicuu-

753 4135 798 4175 tur.
809 4124 843 4176 ri.
856 4126 910 4173 110.
926 4123 1000 4174 etiarn
1016 4125 1077 4181 abdi,
1089 4133 1123 4182 ut,
1134 4124 1156 4175 I.
1166 4127 1251 4176 Amor.

753 4217 777 4248 x.
793 4202 817 4249 3.
831 4201 916 4262 plumis
933 4201 1025 4248 abditus
1046 4201 1112 4248 albis.
1152 4199 1251 4250 Mentiri

751 4273 856 4339 aliquem
875 4272 996 4337 eleganter
1021 4272 1116 4332 dicitur,
1136 4274 1177 4338 qui
1203 4275 1249 4324 ior-

751 4363 814 4398 mam
831 4347 884 4414 ejus
898 4347 984 4397 induit.
1012 4348 1074 4398 Vide
1089 4349 1147 4398 Intt.
1163 4348 1193 4397 ad
1203 4349 1248 4398 Sil.

751 4423 776 4472 ii.
787 4423 844 4472 637.
870 4423 1076 4481 Queruutsutem
1084 4421 1248 4479 Grammatiei

750 4507 830 4548 utrum
840 4499 934 4546 mentiri
944 4495 1016 4546 etism
1029 4513 1067 4546 res
1077 4495 1197 4552 dicutur,
1211 4507 1248 4546 sr-

750 4587 798 4636 que
815 4573 845 4622 rb
865 4575 974 4620 mentitus
992 4569 1082 4636 ubique
1100 4569 1177 4620 active
1196 4570 1246 4620 sire

751 4646 888 4696 neutrsliter
905 4645 1068 4714 accipiendum
1085 4643 1125 4703 sit,
1141 4659 1173 4694 sn
1191 4660 1245 4712 pss-
