3522 6012
470 783 541 853 «iffi
759 781 801 850 Ρ.
824 779 988 852 ovum
1013 781 1229 851 NASONIS
1314 777 1337 788 ”

471 957 523 1034 Et
540 959 704 1058 Gyaros,
723 957 1051 1060 nitidaequeserax
1069 957 1304 1059 Peparethos
1321 959 1440 1049 olivae,

471 1075 683 1152 Gnosiacas
695 1077 828 1174 juvere
845 1088 967 1152 rates:
995 1079 1114 1152 latere
1131 1077 1220 1154 inde
1238 1076 1389 1152 sinistro
1443 1077 1513 1153 471

469 1193 673 1292 OEnopiam
691 1191 818 1270 Minos
835 1195 945 1294 petit,
964 1194 1157 1270 AEacideia
1175 1219 1302 1291 regna.

469 1309 672 1409 (Enopiam
689 1322 835 1388 veteres
852 1313 1113 1412 appellavere:
1142 1312 1211 1388 sed
1228 1312 1311 1411 ipse

468 1425 608 1502 AEacus
626 1427 801 1526 AEginam
818 1430 1020 1528 genetricis
1038 1429 1189 1504 nomine
1206 1428 1316 1504 dixit.

468 1541 597 1618 Turbo
613 1544 699 1633 ruit,
718 1555 910 1646 tantaeque
925 1547 1046 1622 virum
1063 1569 1292 1643 cognoscere
1308 1545 1417 1619 lamae
1442 1547 1514 1617 475

470 1657 649 1759 Expetit:
677 1672 879 1736 occurrunt
894 1662 961 1748 illi,
981 1661 1253 1762 Telamonque,
1271 1662 1467 1759 minorque

469 1775 595 1861 Quam
612 1775 806 1866 Telamon,
826 1777 978 1870 Peleus,
997 1790 1038 1855 et
1053 1780 1178 1880 proles
1196 1779 1308 1854 tertia
1326 1778 1489 1853 Phocus.

470 1891 560 1992 lpse
579 1917 732 1992 quoque
749 1895 952 1992 egreditur,
970 1896 1100 1970 tardus
1118 1896 1300 1994 gravitate
1318 1895 1438 1983 senili,

471 2009 631 2098 AEeeus3
660 2020 700 2086 et
716 2035 802 2110 quae
821 2010 872 2085 sit
887 2011 1061 2088 veniendi
1078 2036 1195 2086 causa
1212 2012 1380 2110 requirit.

470 2125 697 2201 Admonitus
714 2127 826 2226 patrii
843 2128 968 2201 luctus
987 2128 1164 2227 suspirat,
1184 2138 1223 2202 et
1241 2127 1295 2201 illi
1443 2130 1515 2200 480

472 2241 587 2318 Dicta
603 2241 716 2317 refert
732 2254 854 2317 rector
870 2242 1093 2342 populorum
1111 2243 1201 2318 talia
1218 2254 1391 2318 centum:

470 2368 497 2398 “
516 2357 633 2434 Arma
643 2361 754 2456 juves
767 2383 837 2433 oro
855 2382 923 2458 pro
941 2369 1054 2458 gnato
1073 2369 1245 2459 sumpta3
1274 2359 1424 2460 piaeque

472 2475 568 2550 Pars
586 2476 639 2550 sis
656 2475 820 2550 militine:
849 2478 995 2551 tumulo
1014 2477 1147 2552 solatia
1164 2475 1320 2576 posco.”
1423 2537 1426 2542 .

472 2590 573 2665 Huic
592 2589 816 2690 Asopiades,
838 2599 862 2630 “
881 2590 989 2667 Petis
1007 2593 1146 2682 irrita‚”
1163 2592 1273 2682 dixit,
1293 2600 1370 2666 “et
1388 2589 1469 2666 urbi

472 2707 586 2782 Haud
604 2707 776 2783 facienda
793 2733 909 2784 meae:
938 2733 1064 2808 neque
1081 2711 1182 2784 enim
1195 2707 1429 2808 conjunctior
1445 2708 1520 2782 ulla

473 2825 695 2925 Cecropidis
711 2827 782 2902 hec
801 2836 860 2901 est
876 2827 1011 2903 tellus:
1041 2852 1087 2902 ea
1102 2827 1245 2902 foedera
1261 2823 1407 2900 nobis.”
1447 2827 1517 2898 486

504 3081 561 3130 tm.
578 3081 683 3144 OEaopis,
694 3087 720 3128 et
735 3079 821 3130 OEuoas
836 3089 892 3130 snte
908 3081 975 3132 diets
1021 3082 1047 3140 ii,
1058 3081 1100 3148 qni
1116 3081 1209 3132 boemis
1219 3097 1293 3132 musa
1307 3081 1403 3132 obviarn
1413 3089 1470 3131 eunt
1480 3097 1519 3129 se·

470 3155 515 3205 ills
534 3155 621 3206 insula.
663 3153 787 3220 Euripides
811 3157 837 3205 in
863 3155 974 3222 Iphigeo.
1022 3155 1106 3206 menti.
1142 3157 1243 3208 Phocus·
1257 3155 1350 3220 ignorat
1365 3157 1480 3205 Isocrmes
1494 3154 1518 3203 in

471 3231 531 3280 Aul.
542 3229 601 3280 699.
612 3229 674 3288 Ζεύς
688 3227 783 3280 Αἰακὸν
797 3227 817 3280 δ’
832 3230 920 3296 ἔφυσεν
932 3231 973 3282 Ol·
1021 3231 1130 3295 Evagon
1137 3229 1170 3281 iv.
1198 3231 1327 3296 Egreditur
1335 3231 1360 3280 ln
1370 3229 1436 3278 litus.
1458 3229 1518 3276 Gro-

473 3309 557 3366 νύνης
575 3304 683 3370 πρόμον.
726 3303 765 3352 lta
785 3313 810 3354 et
833 3304 974 3363 Pausanias,
1021 3307 1088 3361 odos,
1107 3303 1217 3354 debilites
1237 3305 1348 3371 corporis,
1370 3319 1423 3370 quse
1443 3304 1518 3352 medat

473 3379 531 3428 Cor.
550 3394 575 3444 p.
597 3379 651 3426 122.
694 3377 829 3443 Stephanos
855 3379 887 3428 de
908 3379 973 3430 Urbe
1021 3377 1149 3428 incessum.

473 3451 582 3514 Οἰνώνη.
600 3457 678 3514 νῆσος
701 3453 746 3518 plu
769 3457 820 3503 τῶν
839 3453 973 3504 Alasideos.
1055 3455 1113 3504 480.
1130 3454 1265 3502 Admonitus
1285 3455 1358 3515 patrii
1379 3453 1462 3507 luetrss,
1478 3465 1518 3515 ps-

472 3525 537 3576 Hine
548 3535 574 3575 et
583 3526 646 3576 hunc
657 3526 736 3576 Ιοειιω
749 3526 848 3592 quidm
858 3529 972 3578 emendi·
1023 3537 1096 3578 terna
1112 3527 1240 3585 mestitia,
1250 3543 1323 3593 quam
1338 3526 1420 3575 Minos
1433 3525 1463 3574 de
1473 3523 1518 3572 filio

472 3610 529 3652 runt
547 3603 664 3650 OEoosss:
689 3600 741 3652 sine
759 3617 839 3653 csuss.
878 3603 974 3652 Etenim
1022 3602 1053 3650 sb
1071 3600 1256 3652 Atheniensibus
1270 3599 1394 3650 interfecto
1409 3613 1518 3663 concepe·

473 3685 498 3725 et
524 3675 650 3733 Pindarus,
675 3675 737 3724 Isth.
759 3675 809 3726 viil.
827 3679 871 3726 4³.
891 3679 974 3729 νᾶσον
1021 3685 1067 3726 rst.
1100 3675 1139 3725 De
1156 3679 1292 3732 odsssoss'tus,
1304 3675 1359 3724 side
1374 3673 1451 3723 adis.
1463 3673 1519 3722 324.

473 3749 598 3800 Οἰνοπίαν
608 3749 710 3807 disit,et
720 3749 808 3799 Noster
818 3767 871 3800 mos
883 3752 974 3814 OEsopis'
1025 3751 1118 3800 flector.
1151 3750 1239 3808 Minos,
1250 3751 1319 3816 eujus
1333 3748 1430 3815 imperio
1446 3747 1521 3814 paruit

472 3829 542 3874 muri.
575 3824 681 3874 Nomius
700 3831 780 3872 sutem
801 3825 908 3891 ejusdem
928 3825 975 3876 loci
1025 3825 1106 3874 Creto-
1135 3825 1232 3872 Consum
1241 3826 1384 3887 populuum.
1413 3823 1521 3870 Nossest

473 3897 568 3948 diverse
589 3898 624 3947 sic
640 3907 854 3948 commemorantur
872 3909 896 3948 et
917 3899 974 3948 alibi
1024 3899 1098 3948 Creta
1110 3899 1275 3964 ἑκατόμπολις
1285 3915 1316 3947 es
1331 3897 1442 3954 Homero,
1453 3896 1484 3946 11.
1493 3901 1521 3945 B.

473 3971 589 4038 spoetis,
607 3981 634 4022 ut
653 3973 712 4021 AEn.
729 3971 747 4020 i.
769 3975 823 4022 loe.
856 3975 974 4039 AEgimrs,
1024 3975 1088 4034 649,
1104 3973 1154 4024 rid.
1163 3975 1256 4032 Strabo,
1267 3974 1310 4022 lib.
1320 3991 1344 4021 x.
1355 3989 1379 4039 p.
1388 3973 1444 4022 ⁷35.
1477 3972 1522 4020 Po·

363 4069 366 4078 ·
472 4055 520 4096 etc.
536 4045 594 4094 Vid.
608 4047 740 4096 Munkerus
752 4045 783 4096 sd
799 4047 890 4112 Hygini
907 4047 975 4098 lsbu·
1022 4051 1075 4112 puts'
1091 4065 1133 4115 pro
1148 4047 1263 4110 urbibus5
1279 4047 1364 4097 incolae
1381 4046 1445 4096 enias
1460 4045 1522 4096 urbis

472 4121 575 4170 lsurdP.
854 4143 856 4148 ·
1022 4127 1132 4186 propulsas
1148 4123 1247 4173 iaciunt.
1281 4125 1329 4172 Pro
1341 4119 1527 4190 g'rrrsto,proul·⁴

506 4195 563 4243 474.
587 4194 693 4258 Aaou]
729 4195 832 4244 AEecum
849 4194 917 4244 lovis
937 4195 974 4244 t'u-
1024 4197 1135 4248 eiscends
1155 4198 1198 4246 filii
1220 4207 1305 4248 morte.
1352 4199 1458 4254 Ταμώ,
1477 4205 1521 4245 etc.

472 4268 519 4318 isse
537 4267 612 4318 filium
629 4275 738 4318 constet:
758 4267 798 4318 cui
815 4277 863 4320 tres
880 4268 976 4320 luerunt
1025 4287 1110 4337 nempe
1120 4272 1211 4322 occisos
1222 4273 1301 4322 hostes
1311 4273 1407 4322 interius
1414 4273 1466 4322 vult
1476 4271 1522 4320 tilis

473 4342 524 4400 lilii,
534 4341 658 4399 Telamon,
670 4341 759 4392 Peleus
769 4352 795 4392 et
805 4343 909 4392 Phocus.
936 4343 975 4392 De
1026 4344 1129 4405 mittere,
1140 4345 1185 4396 xii.
1197 4349 1221 4396 2.

473 4415 619 4468 hisvidead
636 4415 739 4466 simoi.
774 4417 879 4466 Nomine.
911 4417 975 4468 Hinc
1058 4422 1116 4469 484.
1142 4422 1270 4484 Asopiades,
1290 4419 1365 4486 Asopi
1384 4437 1414 4470 ex
1434 4419 1522 4484 AEgins

473 4489 635 4540 ostalunonis
644 4488 907 4556 insidia,immisssque
922 4507 974 4558 pes·
1025 4509 1106 4560 nepos.
1140 4493 1245 4552 Butam
1261 4503 1361 4544 unctu
1379 4494 1433 4544 Cic.
1443 4494 1486 4543 Or.
1496 4493 1521 4543 ii.

475 4563 576 4616 tileotis.
993 4631 996 4640 .
1025 4570 1067 4617 40.
1078 4570 1277 4634 quodmlsgsss
1287 4567 1521 4634 rutmmsnpent·

507 4639 562 4688 476.
581 4637 683 4702 Erpeeit,
694 4637 769 4706 eupit.
803 4639 937 4690 Occurrunt
950 4649 975 4690 ct
1025 4640 1123 4693 ciossm.
