3526 6018
485 763 551 826 162
781 759 821 823 P.
842 757 1004 844 cirron
1029 757 1240 825 uasorum

486 935 584 1010 Tum
602 935 702 1010 facta
720 943 779 1008 est
797 933 929 1032 Libye,
949 933 1067 1033 raptis
1085 933 1304 1008 humoribus
1322 944 1429 1020 aestu,

486 1051 623 1140 Arida3
644 1061 722 1124 tum
744 1049 933 1148 Nymphae
952 1049 1074 1149 passis
1088 1048 1301 1148 fontesque,
1320 1051 1504 1148 lacusque

487 1168 684 1244 Deflcvere
701 1167 840 1241 comis:
862 1168 997 1266 quaerit
1016 1167 1165 1243 Boeotie
1182 1167 1335 1254 Dircen,

486 1283 609 1381 Argos
628 1275 879 1380 Amymonen,
900 1281 1056 1382 Ephyre
1073 1283 1270 1358 Pirenidas
1289 1286 1422 1360 undas.
1459 1287 1534 1355 240

487 1399 523 1473 N
527 1425 571 1474 ec
590 1401 723 1474 sortita
740 1401 823 1474 loco
841 1400 1026 1476 distantes
1043 1402 1198 1476 flumina
1215 1402 1316 1501 ripas

487 1515 587 1592 Tuta
604 1526 774 1592 manent:
804 1517 938 1592 mediis
956 1517 1094 1592 Tanais
1112 1518 1267 1592 fumavit
1284 1519 1323 1592 in
1341 1517 1465 1602 undis,

488 1635 716 1733 Peneosque
734 1657 864 1723 senex,
884 1633 1242 1735 Teuthranteusque
1262 1635 1414 1722 Caicus,

488 1751 539 1826 Et
556 1751 657 1826 celer
675 1750 859 1839 Ismenos,
880 1775 967 1825 cum
985 1752 1176 1828 Phocaico
1195 1751 1441 1852 Erymantho,

487 1868 729 1966 Arsurusque
747 1869 883 1942 iterum
898 1869 1088 1960 Xanthus,
1102 1871 1299 1969 flavusque
1311 1869 1529 1969 Lycormas,

520 2104 579 2154 237.
600 2103 693 2169 Libye]
710 2104 801 2155 Grecis
818 2103 884 2154 dicta
898 2113 934 2155 est
948 2106 983 2155 A·
1067 2107 1124 2154 240.
1144 2103 1288 2169 Peneosque]
1306 2103 1345 2152 De
1357 2104 1440 2159 Peneo,
1451 2102 1504 2152 vide
1515 2101 1532 2150 i.

487 2177 559 2228 isica:
573 2177 871 2245 Plin.H.N.r.prooem.
895 2179 984 2228 Imitari
1034 2179 1399 2239 submurmurantium.
1425 2180 1461 2227 Ex
1474 2178 1531 2226 Teu-

487 2261 543 2302 sunt
554 2261 629 2318 poete
641 2252 730 2302 Latini.
758 2255 840 2302 Arida.
852 2254 875 2302 A
886 2253 986 2318 Synesio
1036 2255 1138 2311 thronis,
1150 2269 1205 2320 quse
1216 2269 1288 2322 supra
1296 2251 1416 2302 AEhlidem
1427 2262 1472 2309 est,
1481 2253 1534 2300 Cui·

487 2326 563 2392 Epist.
583 2327 623 2376 67.
641 2327 719 2390 Libys
734 2324 841 2392 διψηράε
866 2327 922 2376 hinc
943 2327 985 2375 Li·
1035 2347 1076 2378 eus
1098 2329 1173 2380 amnis
1194 2328 1295 2395 pmfluit,
1316 2344 1455 2393 quanquam
1476 2328 1500 2377 b.
1516 2327 1534 2375 l.

488 2404 547 2466 byca
568 2419 642 2450 creua
661 2400 723 2450 intra
740 2394 774 2450 iv.
796 2403 852 2451 512.
891 2401 986 2451 Servius
1036 2403 1113 2470 potius
1134 2420 1149 2452 a
1175 2409 1254 2452 monte
1281 2403 1430 2459 Teuthronts,
1450 2400 1491 2467 qui
1512 2403 1533 2451 ei

487 2475 569 2524 scribit
589 2476 689 2540 Libyam
717 2473 789 2525 luisse
812 2475 902 2524 dictam
922 2475 986 2541 quod
1035 2477 1169 2544 adjacebat,
1179 2476 1352 2526 Teuthrantem
1363 2475 1464 2526 dicitur:
1482 2476 1534 2525 vide

487 2549 591 2600 1111111ιὸ
602 2553 679 2608 baruc,
690 2549 771 2598 deficit
782 2549 872 2616 pluvia.
1036 2553 1146 2602 Holsten.
1163 2551 1194 2601 sd
1211 2551 1325 2616 stephan.
1344 2551 1420 2600 Urbb.
1437 2551 1462 2598 in
1478 2555 1534 2600 Tru-

520 2627 577 2674 209.
590 2625 679 2680 Quaerit
691 2625 786 2674 Bestia.
811 2625 849 2674 Cl.
859 2624 909 2674 xiii.
923 2627 987 2686 6893
1037 2625 1138 2692 θρανία.

486 2717 585 2765 querere
603 2699 726 2764 eleganter
746 2699 857 2766 exprimit
870 2699 986 2766 cupidita·
1069 2703 1126 2749 244.
1144 2699 1411 2749 lsmeuuranteTbebas
1422 2714 1464 2764 per
1472 2714 1534 2748 cam·

489 2782 536 2824 tem
556 2774 590 2824 rei
609 2773 700 2823 amissa
719 2773 896 2840 recuperandas.
933 2776 987 2824 Hoc
1037 2791 1094 2840 pum
1110 2776 1207 2824 fluebat.
1231 2773 1295 2822 Hinc
1311 2773 1399 2823 'lbebe
1417 2772 1536 2838 Ἰσμηνοῦ

488 2865 535 2898 111111
555 2847 732 2905 intellexerunt,
749 2847 837 2915 quibus
863 2848 887 2897 h.
904 2849 921 2898 l.
938 2865 988 2898 me·
1039 2849 1123 2910 πόλιςι
1152 2849 1200 2898 rid.
1221 2851 1303 2898 Senee.
1322 2849 1396 2898 Herc.
1415 2849 1464 2897 OEt.
1482 2851 1534 2897 140.

489 2921 535 2972 lius
552 2922 644 2988 placuit
660 2925 773 2986 queritur.
800 2921 887 2992 Yirgil.
900 2925 958 2972 AEn.
969 2924 986 2973 i.
1040 2925 1205 2989 Erymanthus,
1215 2921 1325 2972 Arcadia
1336 2922 1422 2972 fluuius
1433 2939 1446 2972 e
1457 2931 1535 2972 monte

488 2998 545 3048 217.
564 2997 648 3051 eodem
669 3013 748 3054 sensu,
770 3002 837 3048 socios
857 3002 987 3062 requirunt.
1037 2999 1170 3065 cognomini
1179 2998 1334 3064 iuAlpbeum
1341 2997 1456 3047 defluens.
1473 2997 1536 3046 Plin.

489 3073 569 3130 Dirce,
590 3073 642 3122 lons
662 3072 773 3130 Boeotis,
791 3088 863 3139 pmpe
884 3073 987 3134 Thebas,
1039 3075 1070 3123 ll.
1082 3076 1114 3122 N.
1124 3075 1156 3123 iv.
1167 3075 1191 3123 6.
1207 3071 1303 3123 οι111111.
1314 3072 1337 3120 h.
1348 3073 1404 3122 Jov.
1416 3074 1455 3121 10.
1486 3073 1533 3122 Sed

488 3147 656 3205 nobilissimus,
666 3164 682 3196 s
699 3147 780 3205 Dirce,
791 3163 864 3198 uxore
881 3149 950 3214 Lyci,
962 3149 987 3198 in
1039 3151 1134 3198 Photidi
1149 3164 1218 3198 nemo
1234 3163 1339 3212 unquam
1353 3145 1452 3196 flurium
1468 3148 1536 3214 hujus

488 3237 677 3272 eumconversa.
1038 3223 1138 3273 nominis
1146 3222 1237 3272 tribuit.
1271 3221 1357 3286 ltaque
1370 3237 1412 3287 pro
1428 3222 1535 3271 Phoenice

521 3296 577 3344 240.
595 3296 725 3359 Amymone,
744 3295 796 3344 lons
814 3293 895 3360 Argia
915 3311 987 3362 prope
1037 3298 1164 3364 legendum
1176 3295 1240 3346 haud
1255 3295 1326 3345 dubie
1336 3305 1372 3346 est
1383 3296 1422 3344 vel
1437 3296 1535 3358 Psopho-

488 3371 601 3419 Lernam.
618 3368 795 3434 Strsboviii.p.
805 3371 862 3418 ³71.
894 3370 988 3420 Nomen
1038 3377 1080 3430 ico,
1096 3381 1123 3422 ut
1139 3369 1207 3420 multi
1223 3369 1333 3428 suadent,
1350 3369 1389 3418 vel
1407 3385 1462 3418 cum
1480 3370 1536 3418 Pal·
1623 3414 1626 3428 ,

487 3444 510 3494 ei
525 3443 592 3493 dedit
605 3443 738 3510 Amymone
755 3443 876 3510 Nympha.
899 3443 987 3510 Hygin.
1038 3463 1102 3497 mem
1117 3447 1262 3496 adPausan.
1278 3443 1368 3493 Arcad.
1379 3461 1403 3510 p.
1414 3445 1470 3494 419.
1481 3444 1534 3492 Pam

489 3519 538 3568 lab.
549 3519 728 3585 1695Propert.
738 3518 763 3568 ii.
773 3521 814 3568 20.
843 3519 935 3583 Ephyre
946 3536 987 3570 an·
1037 3525 1106 3582 phaeo.
1128 3523 1220 3584 Psophis
1245 3520 1309 3570 enim
1335 3520 1391 3568 urbs
1418 3518 1536 3576 Ambe,

489 3593 626 3659 tiquissimis
635 3593 779 3659 temporibus
786 3592 852 3642 dicta
860 3605 896 3643 est
903 3595 987 3644 Corin·
1038 3612 1110 3663 quam
1121 3593 1293 3662 praeterlabitur
1304 3591 1470 3657 Erymanthus

489 3669 552 3726 thus,
568 3668 594 3718 in
607 3669 675 3734 cujus
693 3683 786 3718 mmma
801 3683 855 3718 arce
871 3669 988 3733 (Acroco-
1070 3671 1127 3719 245.
1145 3667 1274 3730 Xanthus]
1303 3665 1401 3716 Fluvius
1409 3667 1534 3732 Trojenus,

489 3743 579 3808 rintho)
592 3743 637 3792 luit
650 3745 742 3801 Pirous,
753 3745 804 3793 lons
820 3742 898 3793 Musis
910 3761 986 3803 sacer,
1038 3743 1102 3793 idem
1119 3741 1262 3792 Scamander
1282 3741 1373 3790 dictus:
1397 3743 1481 3789 iterum
1497 3760 1537 3791 ur-

490 3819 559 3884 aquis
584 3817 755 3885 limpidissimis
782 3827 806 3868 et
832 3819 987 3870 suavissimis.
1038 3827 1224 3884 mm,tempore
1233 3817 1342 3883 ijano,
1352 3815 1401 3873 ubi,
1413 3832 1485 3880 quum
1497 3825 1535 3866 tu-

449 3951 452 3958 Ι
488 3893 573 3942 Strabo
580 3891 631 3940 iriii.
646 3909 670 3958 p.
679 3895 735 3942 521.
752 3892 815 3942 Plin.
831 3892 863 3940 ll.
873 3893 906 3942 N.
919 3893 952 3942 iv.
964 3897 987 3944 4.
1038 3893 1108 3942 midis
1126 3893 1237 3941 fluctibus
1253 3891 1278 3940 in
1295 3889 1415 3940 Achillem
1431 3890 1537 3948 irrueret,

492 3967 577 4015 Pirene
592 3965 643 4014 lons
657 3965 692 4014 sie
707 3965 785 4015 dictus
797 3981 812 4014 s
826 3966 919 4030 Pyrene
936 3983 987 4018 mn·
1039 3968 1163 4017 Vulcanus
1171 3975 1262 4016 tantam
1272 3965 1294 4014 ei
1305 3964 1403 4013 immisit
1412 3964 1474 4028 ignis
1481 3965 1537 4022 vim,

488 4041 557 4096 liere,
580 4055 642 4104 quas,
663 4047 763 4088 mortem
784 4039 825 4087 filii
849 4039 941 4106 lugens,
963 4040 988 4089 in
1039 4051 1065 4092 ut
1085 4041 1185 4098 arderet,
1203 4040 1274 4088 Hom.
1293 4039 1326 4088 11.
1346 4043 1377 4096 Φ,
1396 4040 1536 4088 ata-384.

490 4131 545 4165 eum
556 4113 644 4163 sontem
655 4112 831 4164 initconversa.
1037 4117 1077 4166 Sic
1087 4117 1165 4181 glossa
1175 4115 1247 4165 nostri
1257 4115 1319 4165 eod.
1330 4113 1409 4162 RB:
1428 4114 1539 4162 Xanthus

522 4190 578 4238 241.
595 4188 798 4252 Sortito-ripas]
825 4188 936 4238 Flumina
953 4189 988 4240 la·
1030 4191 1130 4256 fluuius,
1138 4193 1177 4253 qui
1182 4192 1368 4252 posteriauetiom
1378 4190 1472 4236 ardebat
1484 4197 1539 4237 um-

489 4264 594 4313 tissima:
621 4267 710 4320 amhn,
735 4279 788 4328 que
813 4261 882 4314 nobis
904 4274 989 4314 natura
1036 4282 1090 4328 pore
1105 4265 1185 4327 Trojae.
1219 4261 1457 4329 Lyconuus,rapidus
1468 4264 1537 4310 AEto-

489 4337 646 4402 contigerunt.
721 4361 724 4366 ·
1039 4339 1077 4388 lia
1094 4337 1188 4394 fluvius,
1205 4350 1287 4404 postea
1304 4335 1395 4387 Eueitus
1410 4336 1490 4386 dietus
1504 4335 1539 4385 ix.
1566 4345 1570 4352 “

523 4413 580 4460 242.
592 4408 761 4468 ruothtrudis
769 4411 922 4470 Dmfluvius
930 4413 988 4477 Scy·
1041 4413 1095 4461 104.
1135 4413 1240 4462 Vocatur
1253 4413 1341 4476 flumas,
1361 4409 1434 4460 etiam
1455 4411 1540 4459 Senee.

489 4485 546 4535 this
560 4493 685 4541 tortuosus,
697 4485 815 4550 Europam
830 4484 944 4535 dirimens
958 4488 989 4536 ab
1039 4488 1111 4536 Herc.
1122 4487 1173 4536 OEt.
1185 4488 1241 4536 591.
1251 4487 1282 4535 ob
1293 4501 1387 4535 arenam
1401 4486 1498 4542 flavam,
1513 4492 1542 4533 nt

489 4560 557 4618 Asia,
575 4567 647 4626 atque
665 4575 690 4608 se
712 4575 843 4608 exonerans
863 4559 888 4608 in
909 4560 988 4611 lacurn
1031 4563 1111 4625 fluuius
1131 4561 1218 4610 Tiberis
1236 4561 1302 4625 Virg.
1319 4559 1416 4610 AEneid.
1433 4559 1474 4610 vii.
1492 4561 1522 4608 31
1533 4577 1541 4619 ;

458 4677 460 4680 .
490 4635 637 4686 Meotidem.
653 4633 897 4684 Ρ1111.Η.Ν.11.12.
961 4641 966 4648 “
1038 4654 1119 4700 uquam
1144 4639 1234 4701 flauum
1260 4635 1321 4684 dixit
1349 4637 1453 4684 Parum:
1488 4633 1540 4682 rid.
