3552 5984
453 791 550 858 xxiv.
851 775 1112 856 emeterio
1148 833 1155 838 .

452 959 646 1036 memissum,
664 957 751 1024 etin
770 963 861 1021 tento
880 948 1048 1030 varietate,
1068 973 1133 1037 qun
1151 950 1255 1036 mythi
1274 965 1368 1042 erent
1384 953 1505 1033 esus,

377 1117 382 1122 ·
451 1080 609 1146 rationem
632 1077 754 1162 ubique
775 1074 844 1140 fere
865 1095 938 1138 erun
958 1094 1030 1138 esse
1052 1071 1223 1151 delectem,
1243 1095 1319 1160 quae
1334 1073 1386 1140 vel
1408 1075 1506 1160 pluri·

451 1219 540 1264 mum
553 1206 688 1264 ornatus
702 1193 898 1280 admitteret,
913 1201 950 1256 ut
967 1191 1107 1276 impetus
1122 1190 1265 1258 Althaeae
1279 1193 1314 1257 in
1327 1192 1440 1270 filium,
1455 1192 1506 1259 vel
1596 1243 1601 1248 .

452 1317 573 1384 decoro
601 1311 894 1389 commendaretur,
921 1333 988 1396 quo
1016 1312 1157 1396 pertinet
1185 1311 1333 1384 mutatio¹
1350 1313 1447 1396 pueri
1473 1312 1506 1376 in

452 1431 642 1510 stellionem,
658 1441 756 1515 etque
771 1427 910 1516 Cepheli
929 1439 965 1493 et
979 1427 1146 1496 Procridis
1166 1429 1244 1508 fata,
1259 1431 1379 1516 quibus
1398 1433 1507 1517 turpia

452 1549 607 1634 nonnulle
625 1549 668 1614 ab
685 1546 755 1612 eliis
773 1556 866 1612 erunt
882 1545 1038 1614 admixta.
1084 1547 1193 1623 Quam
1212 1571 1275 1636 ego
1292 1547 1422 1634 leudem
1440 1571 1506 1616 non

453 1665 721 1738 contemnendam
735 1664 886 1732 arbitror.

496 1785 586 1854 Tum
606 1797 710 1852 artem
726 1783 877 1849 admireri
896 1781 1065 1868 licetque
1084 1782 1275 1850 foecundmn
1293 1794 1400 1869 poete
1418 1785 1507 1871 inge·

453 1907 542 1972 nium
562 1916 612 1972 tot
629 1902 755 1970 fabulas
775 1904 810 1970 in
829 1903 926 1968 unius
946 1903 1092 1987 corporis
1114 1903 1255 1989 speeiem
1275 1904 1455 1988 conjunxit,
1470 1915 1508 1969 ut

454 2045 530 2092 vere
538 2032 730 2111 me
744 2043 873 2088 carmen
889 2022 1132 2107 vocuriposset.
1173 2021 1206 2087 A
1220 2023 1382 2088 creatione
1397 2023 1508 2088 mundi

453 2163 590 2208 exorsus
611 2139 767 2208 lectorem
786 2139 915 2216 sensim,
934 2149 969 2205 et
989 2160 1064 2204 cum
1085 2141 1224 2206 maxims
1242 2117 1314 2226 ejirs
1329 2139 1507 2228 voluptate,

454 2260 588 2329 deducit
613 2281 675 2345 per
698 2259 839 2324 omnium
862 2257 1045 2324 seculorum
1064 2260 1180 2326 seriem
1204 2259 1247 2324 nd
1269 2281 1329 2325 sue
1350 2271 1507 2346 tempora,

455 2388 581 2446 servate
603 2389 779 2462 utcumque
801 2378 956 2463 temporis
978 2379 1113 2444 ratione.
1160 2377 1253 2444 Mille
1274 2379 1374 2465 igitur
1394 2380 1508 2446 modos

455 2497 588 2576 invenit,
603 2497 722 2584 quibus
737 2497 780 2561 eb
795 2494 857 2560 alia
870 2495 983 2562 fabule
996 2497 1148 2562 transiret
1167 2497 1211 2562 ed
1225 2495 1329 2562 aliem.
1374 2497 1459 2564 Hoec
1473 2519 1509 2564 se

455 2613 564 2693 offert,
582 2615 658 2700 quia
678 2613 854 2680 similitudo
875 2616 906 2680 ei
924 2615 1075 2700 quedam
1095 2637 1168 2708 epm
1187 2615 1355 2702 superiore
1374 2617 1510 2682 interce·

456 2733 523 2814 dit;
545 2731 611 2811 ills,
626 2733 704 2818 quis
720 2734 764 2798 nd
782 2733 931 2799 eumdem
945 2732 1107 2799 hominem
1122 2734 1271 2799 Deumve
1286 2735 1438 2819 pertinet,
1453 2744 1510 2799 sut

456 2851 534 2937 quia
552 2873 605 2917 res
622 2852 656 2915 in
673 2850 787 2916 eedem
805 2861 892 2915 terra
909 2861 1002 2935 gesta
1018 2861 1078 2916 est.
1124 2850 1208 2916 Mox
1226 2851 1336 2936 hymni
1350 2863 1510 2917 canuntur

358 3053 363 3064 ⁸
456 2953 760 3056 metamorphoseon
778 2969 880 3056 «pleni,
903 2992 979 3036 mox
1002 2967 1152 3036 mulieres
1181 2981 1298 3036 texunt
1321 2981 1511 3056 argumenta

456 3088 608 3172 mythice.
653 3088 754 3153 Nunc
774 3089 867 3154 chest
887 3111 907 3153 s
929 3086 1167 3172 gratulantibus
1185 3099 1242 3154 aut
1262 3086 1510 3154 condolentibus

371 3229 375 3236 ·
457 3229 553 3286 uuus,
568 3229 665 3294 quem
680 3230 739 3274 sue
752 3207 820 3274 late
833 3209 1027 3288 retinebunt,
1040 3231 1115 3295 quse
1130 3209 1175 3274 sic
1190 3231 1256 3274 non
1269 3206 1352 3273 mele
1366 3207 1510 3273 referun-

458 3337 527 3405 tur;
557 3349 643 3392 nunc
668 3351 688 3392 a
712 3329 799 3393 fecto
822 3329 975 3414 propiore
1004 3337 1173 3394 renarrant
1198 3327 1308 3413 priora
1332 3326 1365 3404 ii,
1386 3326 1442 3411 qui
1462 3307 1530 3391 rei'

457 3453 562 3530 gestae
580 3444 804 3510 interfirersnt.
853 3443 1023 3510 Interdum
1048 3445 1219 3510 sententie
1244 3445 1444 3530 interposite
1468 3443 1511 3508 ad

459 3560 521 3626 alia
535 3584 594 3627 uos
609 3563 751 3640 ducnnt;
775 3583 873 3648 quam
887 3573 993 3628 temen
1008 3561 1160 3648 frigidam
1175 3574 1210 3628 et
1229 3561 1385 3649 puerilem
1400 3561 1512 3627 sdsec·

459 3680 613 3746 tationem
631 3679 769 3755 Quintil.
786 3681 867 3746 lnst.
883 3683 924 3746 iv.
943 3655 1214 3760 1.7l.'n0minst,
1234 3681 1310 3748 licet
1329 3702 1393 3748 non
1414 3691 1512 3767 neget

459 3800 607 3866 excusari
622 3799 777 3866 Ovidium
792 3800 995 3878 necessitate,
1011 3799 1074 3866 hoc
1089 3810 1139 3866 est
1155 3799 1240 3886 lege,
1254 3821 1352 3884 quem
1365 3800 1436 3884 ipse
1450 3799 1511 3864 sibi

459 3917 702 4003 prescripserit.
741 3917 833 3984 Loco
848 3919 1018 3983 sententie
1033 3939 1264 4005 nonuunquam
1278 3917 1375 4004 plure
1388 3938 1432 3982 ex
1447 3915 1511 3981 his·

460 4035 543 4101 toric
559 4046 762 4119 repetuntur,
779 4060 918 4123 quorum
939 4060 1002 4124 ope
1021 4060 1073 4104 res
1092 4037 1309 4104 dissimillimoe
1321 4039 1445 4124 junctoe
1462 4057 1512 4100 re·

459 4153 641 4239 periuntur,
660 4165 696 4218 ut
713 4153 867 4221 Herculis
889 4155 1075 4240 apotheosis
1090 4165 1125 4222 et
1145 4153 1354 4221 Galmrthidis
1374 4156 1408 4220 in
1427 4176 1513 4219 mus·

460 4271 558 4340 telem
574 4274 718 4339 mutatio.
765 4273 858 4341 Raro
877 4297 981 4342 nexus
1002 4277 1165 4362 reperitur
1186 4297 1300 4360 parum
1322 4271 1512 4358 probabilis,

460 4401 498 4458 ut
518 4391 551 4456 ii.
570 4391 646 4456 368.
664 4391 722 4455 ubi
746 4391 892 4477 Liguriae
917 4417 976 4459 rex
1001 4395 1123 4481 reginae
1145 4393 1327 4478 AEthiopiae
1356 4391 1512 4477 sanguine

456 4508 592 4592 junctus
617 4519 730 4575 contre
754 4508 853 4574 fidem
881 4509 1039 4591 traditum
1068 4523 1101 4578 et
1127 4511 1191 4576 viii.
1219 4511 1294 4576 548.
1319 4511 1353 4574 in
1378 4529 1514 4594 geogra-

460 4625 571 4710 phiam
593 4649 633 4694 eo
658 4623 790 4694 consilio
811 4641 981 4715 peccatum
1006 4642 1067 4711 est,
1091 4632 1170 4697 dum
1190 4629 1323 4696 Theseo
1347 4627 1515 4712 Calydone
