3494 6002
461 813 931 884 METAMORPHOSEON
956 817 1047 886 LIB.
1068 817 1138 886 ΙΙΙ.

1248 823 1314 888 259

268 993 462 1067 Flectere:
483 1002 524 1067 et
541 992 689 1066 Oleniae
707 993 813 1066 sidus
832 993 994 1092 pluviale
1012 995 1182 1093 capellae,
1240 999 1313 1070 594

266 1108 553 1208 Taygetenque,
562 1097 931 1208 Hyadesque'ooulis
942 1099 1161 1208 Arctonque
1174 1112 1313 1199 notavi,

266 1225 551 1324 Ventorumque
568 1226 714 1312 demon,
733 1236 773 1300 et
790 1235 920 1325 portus
939 1225 1130 1324 puppibus
1148 1237 1270 1327 upton.

268 1341 379 1416 Forte
398 1353 533 1441 petens
553 1341 688 1428 Delon,
709 1341 816 1415 Chiae
834 1341 978 1415 telluris
998 1343 1045 1415 ed
1063 1367 1147 1417 ores

267 1457 461 1557 Applicor,
477 1469 516 1534 et
533 1459 677 1534 dextris
696 1459 864 1534 adducor
881 1459 990 1534 litore
1007 1459 1140 1549 remis;

269 1573 405 1672 Doque
422 1575 524 1649 leves
543 1574 661 1649 saltus
676 1603 685 1664 ;
715 1575 878 1675 udaeque
896 1575 1034 1650 innitor
1052 1601 1186 1664 arenae,
1240 1581 1313 1652 599

270 1691 357 1766 Nox
372 1691 436 1764 ubi
448 1703 673 1792 consumpta
683 1703 753 1767 est.
783 1692 930 1768 Aurora
939 1693 1140 1768 rubescere
1151 1693 1313 1793 primum

270 1809 469 1908 Ooeperat:
498 1833 654 1906 exurgo,
670 1809 879 1908 laticesque
896 1808 1031 1884 inferre
1049 1819 1221 1884 recentes

267 1925 477 2013 Admoneo,
496 1936 741 2024 monstroque
754 1927 864 2014 viem,
877 1951 963 2026 quae
980 1927 1096 2000 ducat
1111 1926 1160 2002 ad
1177 1927 1312 2013 undas·

269 2041 357 2141 lpse
375 2040 469 2141 quid
487 2066 578 2118 aura
595 2042 686 2117 mihi
703 2043 849 2118 tumulo
866 2043 1063 2143 promittat
1080 2044 1128 2118 eb
1145 2043 1222 2120 alto

266 2291 291 2340 in
308 2290 388 2357 eapite
402 2291 550 2358 Taurique
568 2309 642 2358 quum
660 2293 768 2345 oriuntur

265 2375 291 2416 et
299 2365 420 2424 occidnut,
431 2369 509 2432 largos
517 2367 603 2418 imbres
614 2367 687 2418 cient.
708 2368 766 2419 Gel-

266 2441 313 2491 lina
323 2442 356 2490 N.
366 2441 396 2492 A.
408 2441 460 2491 xiii.
471 2445 496 2492 9.
529 2443 610 2500 Quare
621 2444 716 2508 Hyades
732 2444 766 2494 eie

265 2517 346 2574 dictre,
356 2515 409 2566 ἀπὸ
425 2519 470 2568 ror'r
485 2516 545 2566 ὕειν.
573 2519 668 2576 Arcton,
680 2519 766 2568 Ursam

266 2591 396 2650 borealem,
416 2593 573 2657 Cynosuram,
591 2593 631 2642 vel
656 2592 765 2644 Helicen.

270 2667 392 2716 Ventorum
409 2670 490 2725 domos,
501 2665 619 2732 regiones,
634 2667 700 2718 unde
716 2668 764 2734 api-

267 2751 329 2790 rant.

300 2817 357 2866 597.
378 2815 477 2880 Dolom]
501 2815 577 2866 Deloa
597 2815 675 2866 insula
695 2816 766 2866 maria

269 2890 357 2955 AEgaet.
390 2891 543 2948 Die,vernm
558 2905 610 2940 esae
624 2907 671 2940 uon
681 2899 767 2957 potest.

269 2967 316 3014 Dio
325 2965 388 3016 enim
398 2973 435 3016 ast
444 2965 528 3016 eadem
539 2981 593 3032 quar
603 2967 680 3016 Noeoa
690 2965 768 3028 (Plin.

267 3041 299 3089 Η.
308 3041 341 3090 N.
350 3041 383 3090 iv.
396 3039 449 3102 12.)
466 3040 492 3088 in
509 3055 582 3106 quam
601 3039 687 3090 deterri
703 3042 766 3090 Bec-

264 3115 326 3164 ehue
336 3115 440 3173 volebat,
452 3131 511 3165 rere.
522 3117 579 3165 636.
588 3116 645 3165 690.
662 3115 766 3166 Difficile

266 3199 303 3239 eet
317 3207 399 3240 verum
415 3205 500 3239 nornen
517 3189 556 3239 hie
574 3206 695 3257 reponere,
707 3207 765 3256 quo-

267 3264 331 3314 niam
342 3265 468 3323 nescimus,
479 3265 543 3315 unde
553 3265 653 3314 Acoetes
661 3265 765 3323 solverit,

266 3355 311 3389 nec
323 3340 404 3390 caeteri
420 3349 529 3390 auctores
539 3339 630 3405 aliquid
640 3339 698 3388 certi
709 3355 765 3407 anp-

267 3415 384 3480 peditent.
412 3415 440 3463 In
460 3414 548 3479 hymno
563 3413 683 3463 Homerie.
694 3421 719 3462 et
734 3415 765 3464 ab

266 3488 359 3554 Hygin.
375 3489 456 3538 nullus
474 3489 542 3538 loona
559 3495 764 3538 commemoratur.

268 3562 341 3627 Apud
352 3561 466 3628 Apollod.
475 3563 587 3612 Bacchus
602 3578 631 3611 er
648 3561 726 3612 Ieario
740 3562 765 3611 in

269 3639 352 3688 Neron
370 3637 488 3688 transferri
498 3639 550 3688 uult
561 3656 568 3698 ;
587 3647 666 3687 naute
685 3647 765 3688 eutem

265 3727 320 3761 eam
335 3711 444 3762 insulam»
452 3710 677 3778 preternevignntea
687 3713 765 3760 Arium

265 3794 361 3854 petunt,
376 3796 403 3837 ut
413 3786 517 3853 predam
528 3787 561 3835 ibi
574 3785 685 3837 vendant.
719 3786 764 3836 Per

267 3863 345 3910 Arium
362 3861 471 3928 Heynius
487 3861 600 3926 intelligit
613 3860 697 3910 Asiam
711 3877 763 3927 pro·

266 3935 317 4002 prie
327 3935 424 3994 dietam,
436 3934 518 4002 Lydiae
529 3944 629 4002 partem.
657 3935 701 3994 At,
714 3935 764 4000 qui,

266 4009 351 4059 relicta
362 4009 448 4068 Iearia,
459 4011 546 4060 Naxon
556 4010 763 4076 pretemavigant,

267 4083 285 4132 ii
303 4099 349 4132 uon
366 4083 504 4133 deteruntur
523 4099 592 4134 curun
611 4083 636 4133 in
654 4084 765 4149 Lydiam,

267 4157 309 4207 red
323 4157 400 4221 megin
412 4159 537 4224 magisque
551 4160 582 4208 ab
593 4175 623 4208 ea
632 4157 766 4208 discedunt.

268 4231 389 4282 Revereri
400 4231 556 4298 antiquiorem
565 4232 692 4282 lectionem
700 4247 765 4281 eanr-

268 4321 315 4370 que
324 4305 478 4372 plurimorum
489 4305 607 4364 codicum,
618 4307 687 4356 ctio.
709 4306 765 4356 Non

268 4389 348 4429 autem
363 4380 467 4446 intellig.
491 4383 556 4430 ctio
574 4381 652 4430 insula
665 4381 766 4430 celebria

267 4471 339 4520 prope
350 4455 450 4516 Ioniam.
482 4457 627 4522 Quanquam
643 4455 706 4504 enim
717 4455 764 4521 Ly·

267 4529 313 4577 dus
323 4529 402 4580 Delon
420 4539 505 4595 petens
518 4529 642 4580 commode
658 4530 691 4579 ed
706 4529 764 4578 dex-

268 4611 343 4653 terum
361 4604 413 4670 ejus
430 4605 486 4654 lituu
505 4605 625 4672 appellere
641 4603 775 4671 potuisset,

268 4693 314 4728 non
332 4687 412 4730 tamen
430 4680 516 4730 Naxon
533 4679 564 4730 ad
582 4679 703 4730 dexteram
720 4679 764 4730 he-

815 2295 913 2353 bnlaeet,
924 2295 965 2346 red
982 2311 995 2345 e
1010 2295 1105 2360 regione
1120 2303 1144 2345 et
1158 2294 1228 2360 longe
1238 2308 1314 2344 remo·

815 2381 875 2421 ram.
897 2371 944 2420 Sed
954 2369 1107 2435 eogitandum
1119 2369 1212 2418 videtur
1220 2368 1251 2418 de
1260 2369 1313 2428 Ceo,

815 2461 888 2511 quam
901 2445 1006 2494 Romani
1020 2443 1128 2492 nonnulli
1141 2445 1245 2508 etGeom
1260 2442 1315 2493 dix·

815 2529 891 2578 erunt,
901 2528 927 2568 et
937 2519 1038 2568 Ptolem.
1064 2518 1139 2573 Klov,
1147 2526 1174 2569 ut
1183 2517 1245 2567 adeo
1254 2519 1314 2568 forte

814 2603 840 2644 et
859 2593 884 2644 lr.
896 2593 947 2642 l.'e
967 2591 1066 2642 coneilio
1083 2592 1248 2642 nonnullomrn
1267 2593 1314 2642 cie

815 2667 990 2718 rescribendum
1004 2667 1043 2716 eit.
1069 2668 1106 2716 Ea
1116 2667 1221 2733 quinque
1237 2667 1313 2718 millia

814 2759 926 2809 paronam
937 2742 1041 2792 distabat
1049 2743 1080 2790 nb
1087 2742 1191 2798 Helena,
1198 2740 1312 2806 quemad·

813 2818 911 2868 modum
923 2817 974 2867 hee
990 2834 1005 2867 ι
1019 2816 1092 2866 Sunio
1108 2816 1207 2866 totidem
1222 2833 1314 2883 paeana.

815 2893 879 2943 Plin.
897 2893 961 2942 Hirt.
981 2892 1040 2941 Not.
1056 2891 1088 2940 iv.
1107 2891 1211 2942 ra-ao.
1244 2891 1314 2942 ldem

815 2967 895 3025 tradit,
902 2966 1003 3017 eandem
1013 2974 1039 3016 et
1050 2965 1194 3032 Hydrusam
1201 2964 1313 3032 (orpore-

815 3041 887 3106 oov,)
898 3041 966 3106 aquis
977 3039 1147 3098 abundantem,
1158 3040 1250 3091 oreon
1262 3057 1314 3092 eaae

816 3116 914 3167 dietam.
930 3116 960 3166 Ei
970 3115 1042 3182 igitur
1052 3116 1114 3165 bene
1124 3115 1242 3174 convenit,
1249 3115 1313 3180 quod

815 3190 914 3242 Acoeree
930 3207 985 3239 rnox
1005 3198 1092 3247 narrat,
1113 3205 1138 3239 ee
1160 3191 1235 3238 lurioir
1251 3189 1313 3255 infe-

815 3270 883 3316 rendi
901 3281 973 3316 canae
991 3265 1038 3314 hnc
1055 3263 1182 3330 appuliae.
1211 3263 1314 3314 Ovidius

814 3340 894 3406 igitur,
909 3339 950 3406 qni
966 3339 1018 3388 hae
1036 3353 1079 3388 ano
1096 3337 1167 3388 modo
1181 3338 1313 3397 exornavit,

815 3429 869 3466 eum
890 3414 958 3464 finxit
976 3430 989 3463 e
1007 3413 1059 3462 aino
1077 3412 1189 3462 Saronieo
1205 3412 1312 3462 aolrirae.

817 3490 903 3546 Tellus,
915 3487 987 3538 etiem
999 3487 1029 3537 de
1045 3486 1124 3536 insula
1134 3486 1220 3536 dieitur
1229 3486 1313 3552 poetis.

815 3563 873 3615 vir.
884 3562 1002 3630 Heyniua,
1017 3561 1048 3611 ad
1058 3561 1144 3627 Virgil.
1156 3562 1215 3610 AEn.
1224 3560 1261 3610 iii.
1273 3563 1313 3612 79.

814 3637 839 3688 in
851 3639 920 3688 Varr.
930 3637 987 3687 lect.
1014 3637 1135 3686 Addume
1151 3637 1219 3684 litero
1236 3640 1312 3694 renis,
1375 3686 1379 3698 ,

815 3728 856 3778 per
865 3709 1034 3777 metonymiam
1044 3725 1094 3775 pro,
1106 3711 1219 3758 addmere
1230 3725 1315 3768 rarior,-

814 3805 894 3836 nouem
909 3789 940 3835 od
955 3788 1031 3834 litero.
1058 3784 1087 3832 ln
1098 3783 1196 3847 vulgata
1210 3785 1312 3833 aaronem

814 3864 883 3911 litora
897 3863 964 3910 remis
976 3857 1117 3909 subauditur
1127 3855 1260 3923 prepoaitio
1270 3861 1312 3910 ad.

814 3937 892 3986 Soltru
902 3939 938 3993 de,
949 3933 1021 3984 exilio
1039 3949 1054 3982 e
1069 3948 1129 3982 nave
1140 3931 1164 3980 in
1175 3930 1241 3982 litut.
1266 3931 1314 3983 Le·

814 4007 1131 4068 oea,utr1orn.11.stt.
1149 4006 1238 4058 Mil.
1257 4009 1313 4058 levir

815 4087 888 4134 nitar.
1312 4104 1314 4110 ·

848 4159 905 4207 603.
925 4158 1062 4207 Promittere
1079 4153 1109 4204 de
1126 4153 1194 4204 bonir
1211 4169 1311 4221 progno-

815 4232 891 4288 sticis,
905 4241 933 4280 ut
945 4232 1086 4280 denunciare
1102 4229 1132 4279 de
1146 4229 1215 4279 malie
1226 4231 1313 4298 virgil.

816 4307 903 4372 Georg.
924 4305 940 4354 i.
962 4306 1023 4356 453.
1054 4306 1168 4353 Sociorum
1186 4303 1311 4354 duodecim

815 4381 911 4432 nomina
922 4379 1090 4445 liabetllygiu.
1099 4377 1182 4428 eadem
1192 4379 1248 4436 lere,
1257 4395 1311 4444 quta

814 4456 839 4505 h.
850 4455 866 4504 l.
877 4457 964 4505 Noster
978 4469 1008 4504 ea
1023 4470 1065 4520 per
1078 4461 1153 4502 totum
1168 4453 1247 4502 locum
1263 4453 1311 4502 dia·

814 4529 901 4596 posuit,
914 4545 944 4580 ne
954 4545 1002 4578 uno
1014 4528 1066 4576 loeo
1080 4526 1203 4576 cumulata
1214 4515 1311 4576 tedium

814 4603 932 4654 affeuent.
975 4603 1051 4652 Erunt
1070 4609 1150 4650 autern
1171 4599 1206 4648 illi
1228 4615 1313 4650 secun-¹

815 4676 872 4727 dum
890 4678 986 4728 Homer.
1001 4675 1083 4741 hymn.
1096 4685 1125 4725 et
1139 4674 1199 4725 aliea
1212 4675 1312 4741 piretm
