3588 6000
504 763 1000 832 METAMORPHOSEON.
1247 769 1277 832 lv

219 942 332 1008 liberis
356 941 427 1024 ejus
452 939 611 1013 omnibus,
637 937 671 1002 in
696 957 810 1002 neum
836 937 1002 1002 obduruit.
1046 938 1124 1011 Quo
1145 939 1277 1024 quidem

220 1062 363 1148 cognito,
384 1080 468 1123 unus
488 1079 506 1122 e
525 1055 623 1143 vulgo
642 1057 764 1142 Lycios
786 1059 923 1124 nathae
940 1059 973 1122 in
993 1081 1093 1122 mar
1111 1079 1133 1124 a
1150 1056 1279 1124 Latona

221 1201 344 1256 versos,
359 1176 442 1244 alter
461 1176 635 1261 Marsyam
653 1176 696 1242 ab
713 1173 867 1261 Apolline
883 1175 1084 1242 excoriatum
1106 1175 1140 1240 in
1159 1197 1279 1242 memo·

222 1299 303 1362 riam
325 1287 495 1362 devocavit.
535 1293 669 1360 Nioben
686 1292 778 1378 luget
793 1292 924 1378 Pelops,
939 1294 993 1360 oui
1013 1291 1167 1358 humerus
1182 1295 1279 1362 ebur·

223 1439 303 1482 neus
323 1415 421 1480 datus
439 1423 519 1479 erat.
566 1411 633 1476 Sed
651 1410 694 1476 ad
714 1407 929 1476 consolandos
949 1409 1129 1476 Thebanos
1149 1412 1278 1478 urbium

224 1533 431 1598 finitimarum
443 1529 542 1615 legati
553 1539 784 1594 convenerunt.
820 1525 890 1592 soli
901 1528 1036 1594 deerant
1047 1527 1278 1608 Athenienses,
1309 1585 1314 1596 .

224 1651 375 1738 quoniam
398 1673 418 1714 a
434 1647 581 1714 barbaris
596 1645 779 1730 agminibus
793 1642 1041 1719 infestabantur,
1057 1665 1140 1729 quos
1161 1645 1280 1712 Teroua

225 1769 320 1845 fudit,
335 1767 389 1833 cui
404 1766 555 1832 Pandion
569 1763 717 1828 Procnen
728 1762 761 1826 in
776 1762 1012 1827 matrimonium
1027 1761 1128 1828 dedit.
1168 1761 1200 1826 Is
1216 1761 1280 1828 elio

225 1899 371 1972 tempore
391 1884 540 1950 Athenas
565 1903 725 1958 reversus,
743 1903 844 1967 quum
859 1881 1077 1957 Philomelam,
1096 1881 1207 1946 uxoris
1230 1899 1281 1948 so·

225 2027 341 2084 rorem,
357 2025 466 2070 seeum
480 2001 681 2078 abduxisset,
697 2022 736 2066 ea
757 2009 916 2084 stuprata,
931 1996 1067 2085 aliisque
1083 1997 1280 2066 facinoribus

227 2123 431 2210 perpetratis,
451 2125 484 2186 in
503 2141 645 2207 upupam
666 2129 716 2184 est
735 2117 992 2194 transformatus,
1008 2117 1280 2203 quemadmodum

229 2235 1079 2314 Philornelninleeoiaiam‚Procaeiuhinndirrcat.
1118 2233 1342 2308 Quoeres·
1458 2231 1462 2238 ’

228 2358 388 2424 Pandioni
410 2343 575 2424 intellecta
595 2367 732 2422 mortem
754 2351 872 2418 attulit.
919 2351 1007 2418 Huic
1031 2352 1064 2416 in
1084 2375 1185 2436 regno
1208 2375 1280 2418 suc-

227 2478 322 2542 cessit
336 2475 546 2550 Erechlheue,
567 2475 661 2558 cujus
680 2471 779 2538 filiam
808 2471 991 2556 Orithyiam
1013 2467 1137 2536 Boreas
1159 2471 1278 2556 rapuit,

226 2608 324 2680 atque
343 2617 385 2659 ex
405 2605 499 2678 rapta
516 2593 633 2658 Calain
650 2591 834 2677 procreavit
852 2601 886 2654 et
901 2589 1035 2664 chhen,
1051 2588 1107 2672 qui
1122 2588 1156 2652 in
1171 2589 1279 2675 Argo-

227 2723 397 2776 nautarum
411 2732 546 2776 numero
562 2707 705 2784 fuerunt,
721 2729 821 2792 quum

271 2830 344 2894 Lib.
362 2827 440 2897 VII.
457 2827 572 2903 daron,
589 2827 680 2892 vietis
698 2826 826 2891 Medeae
846 2823 969 2889 auxilio
984 2824 1084 2888 tauris
1103 2824 1210 2909 ignem
1225 2846 1279 2890 vo·

227 2948 399 3022 mentibus,
416 2946 578 3010 seminatis
600 2945 760 3028 serpentis
784 2941 939 3017 annas,
961 2961 981 3006 e
1003 2941 1122 3025 quibus
1142 2936 1288 3022 homines,

226 3065 344 3130 asson
356 3063 560 3148 prodierunt,
573 3071 606 3126 et
617 3060 759 3126 dracone
775 3059 892 3142 sopito,
904 3057 1003 3122 vena
1017 3080 1147 3124 auream
1158 3037 1278 3126 retulit.

228 3182 360 3258 Medea,
386 3180 541 3246 leronem
565 3181 597 3244 in
621 3179 786 3244 Graeciam
809 3179 973 3256 comitata,
999 3177 1119 3244 AEaoni
1141 3181 1281 3246 medica·

226 3313 407 3366 montonmr
417 3321 480 3385 ope
490 3300 694 3384 juventutem
710 3298 865 3376 reddidit,
876 3297 1089 3382 eamdemque
1098 3297 1201 3364 Peliae
1211 3298 1280 3384 pol-

227 3417 325 3494 licita,
339 3419 506 3504 praemisso
520 3417 633 3484 aneto
647 3417 680 3482 in
694 3439 812 3505 mum
826 3415 991 3482 reformati
1003 3417 1188 3501 specimine,
1204 3417 1281 3484 doio

229 3559 301 3602 urm
315 3537 444 3602 occidit.
491 3535 573 3602 Inde
587 3557 647 3622 per
662 3537 750 3600 varia
765 3535 837 3601 loca
852 3535 959 3600 multia
972 3535 1110 3619 insignia
1125 3535 1281 3620 transscr-

228 3655 416 3720 rnationibar
438 3652 557 3730 delata,
578 3664 653 3738 post
674 3653 797 3720 occisos
818 3653 936 3719 liberos
951 3653 1064 3740 AEgeo
1088 3653 1198 3737 nupsit
1218 3653 1281 3718 sub

229 3772 402 3838 adventum
422 3771 546 3848 Thesei,
555 3793 658 3857 ‚quem
673 3793 767 3858 paene
782 3793 907 3836 veneno
921 3766 1144 3836 interfecisset.
1179 3769 1281 3856 AEgei

229 3891 346 3976 gaudia
367 3889 411 3954 de
428 3887 495 3953 filio
516 3899 649 3974 recepto
667 3889 779 3954 turbet
796 3885 919 3964 Minoa,
935 3885 1055 3952 bellum
1077 3897 1189 3952 contra
1207 3909 1281 3954 eum

229 4033 357 4096 parans,
378 4007 521 4076 collectis
544 4009 688 4095 undique
709 4009 823 4094 copiis,
836 4009 939 4074 etiam
961 4029 981 4071 e
1005 4005 1101 4084 Paro,
1121 4009 1179 4072 ubi
1193 4007 1282 4074 Ame

230 4130 262 4194 in
280 4127 475 4192 monedulam
498 4126 603 4192 fuerat
620 4145 786 4204 conversa,
802 4127 1009 4210 AEucumque
1030 4125 1062 4188 in
1081 4135 1191 4211 partes
1207 4148 1281 4190 suas

231 4246 357 4311 trabere
374 4223 530 4330 cupiens:
559 4242 607 4310 At
621 4243 674 4310 ille
689 4245 731 4309 ab
747 4243 857 4328 AEgeo
875 4243 1024 4319 stetit,‘et
1039 4242 1171 4308 adeum
1186 4243 1283 4329 Myr·

230 4364 366 4428 atum
380 4385 467 4438 suos,
480 4374 554 4448 post
568 4371 839 4454 gravemnpestem
853 4383 872 4424 e
877 4359 1032 4444 formicis
1046 4370 1146 4435 ortos,
1161 4357 1282 4426 auxilio

229 4481 323 4558 misit,
345 4481 430 4546 duoe
459 4481 602 4566 Cephalo
625 4479 832 4556 Atheniensi,
856 4481 912 4564 qui
935 4477 1059 4555 Phoco,
1082 4477 1178 4544 AEaci
1202 4477 1282 4554 filio,

229 4611 348 4675 narrat,
364 4599 527 4683 quomodo
545 4600 588 4665 ab
603 4598 734 4664 Aurora
752 4609 785 4660 et
803 4607 915 4680 raptus
932 4607 966 4660 et
985 4595 1174 4680 alioform
1189 4595 1283 4660 indu·
1364 4662 1374 4680 ‚
