3588 6000
397 749 465 816 DE
490 747 654 814 OPERE
677 745 1173 816 METAMORPHOSEON.
1206 754 1309 818 xxxix

260 921 385 1008 placitis
396 921 614 1009 Pythagorae3
638 921 696 984 sed
711 941 780 1006 prae
795 921 919 986 caeoens
934 923 1063 999 eminet,
1075 922 1309 1001 200=13,locus

260 1043 303 1106 de
316 1051 456 1127 quatuor
470 1043 545 1106 anni
559 1043 719 1128 partibus,
731 1041 849 1126 quibus
864 1043 1049 1108 suavissime
1064 1043 1201 1108 hominis
1221 1045 1311 1110 attri-

261 1161 341 1224 buta
356 1161 434 1224 data
453 1170 538 1226 sunt.
584 1158 703 1244 Aperit
721 1181 839 1224 annum
859 1168 947 1224 tener
966 1169 1000 1226 et
1019 1161 1138 1226 nerem
1148 1185 1243 1248 puer,
1258 1187 1311 1230 ro·

261 1280 348 1344 boris
371 1303 498 1366 capere,
525 1280 671 1365 sequitur
692 1281 807 1344 robore
829 1280 937 1344 vatem
962 1291 995 1344 et
1014 1288 1153 1344 cestuum
1169 1282 1309 1366 juvenis,
1416 1265 1424 1340 ¹.

261 1420 368 1483 quem,
374 1391 784 1485 poeitofervorejuoentae,
797 1397 950 1462 Maturus
963 1397 1110 1482 mitisque
1123 1397 1310 1466 Autumnus

262 1517 392 1602 excipit.
438 1516 494 1583 Ad
509 1527 691 1583 extremum

458 1693 574 1762 Senilis,
590 1691 695 1752 Hiems
708 1689 833 1751 tremulo
845 1689 927 1749 venit
940 1689 1055 1749 horrida
1068 1711 1162 1770 passu,

340 1787 404 1846 Aut
417 1787 540 1867 spoliata
552 1807 627 1858 suos,
641 1797 702 1857 aut,
716 1807 787 1866 quos
800 1786 897 1855 habet,
911 1785 976 1845 elba
989 1785 1113 1866 capillos.

264 1982 327 2048 His
352 1984 437 2050 adde
462 1985 555 2063 Noti,
582 1985 710 2062 Boreae,
737 1984 881 2062 Invidiae,
908 1983 1027 2060 Famis,
1052 1983 1173 2062 Famae,
1200 1985 1311 2052 Somni

264 2102 506 2200 descriptiones,
527 2105 560 2168 in
582 2105 700 2189 quibus
721 2127 764 2168 ex
781 2100 906 2166 illarum
925 2123 1034 2184 rerum
1057 2103 1220 2168 attributis
1239 2128 1313 2191 per·

265 2243 357 2286 sonas
380 2245 555 2309 earumque
578 2221 739 2289 domicilia
760 2221 893 2286 mirifice
915 2221 1025 2305 (nevis
1049 2222 1162 2306 paucis
1184 2224 1313 2310 demtis)

264 2341 451 2424 composuit.
489 2339 565 2404 dam
581 2341 608 2406 si
625 2339 696 2404 haee
715 2341 760 2404 ita
776 2340 860 2404 inter
878 2361 913 2403 se
930 2341 1176 2424 comparaveris,
1194 2354 1231 2407 ut
1248 2344 1314 2428 pri-
1425 2327 1428 2332 Δ

264 2479 350 2522 mum
371 2459 495 2524 rabidis
517 2468 687 2524 inanescere
706 2459 806 2523 centia
825 2479 940 2544 ponas,
963 2469 1042 2534 tum,
1063 2459 1197 2525 brachia
1217 2462 1313 2549 longo

218 2581 219 2584 ’
264 2577 420 2664 Margine
434 2587 590 2643 terarum
602 2587 800 2664 porrexerat
813 2576 1018 2664 Amphitrite,
1034 2589 1108 2663 post
1122 2579 1193 2644 haec
1207 2579 1313 2646 locum

264 2696 306 2761 de
329 2698 443 2762 annuis
464 2699 745 2777 vicissitudinibus,
770 2708 826 2763 aut
850 2707 976 2783 partem
999 2699 1081 2784 ejus,
1108 2699 1248 2784 denique
1271 2723 1313 2766 ex

263 2814 314 2893 iis,
329 2837 409 2900 quas
428 2817 525 2882 modo
543 2816 683 2895 laudavi,
699 2818 937 2904 prosopopoeiis
952 2839 1068 2896 unam;
1091 2818 1313 2904 gradationem

264 2932 400 2999 babebis
427 2935 602 3021 imaginum
629 2936 804 3022 egregiam,
834 2957 972 3020 quarum
1000 2934 1147 3019 proxima
1175 2957 1313 3023 quaeque

264 3055 501 3139 praecedentem
515 3055 715 3140 plenitudine
731 3067 872 3142 superat.
920 3054 1071 3120 Personis
1090 3054 1314 3141 mythologicis

264 3174 395 3260 egregie
421 3174 571 3264 animavit
595 3173 667 3240 loca
689 3176 854 3240 varia—i.
876 3175 942 3242 264
963 3197 1032 3260 sqq.
1060 3173 1170 3239 Notus
1195 3174 1313 3253 evolat,

266 3291 325 3356 lris
345 3291 495 3356 alimenta
512 3293 653 3358 nubibus
674 3294 792 3372 adfert,
810 3294 988 3379 Neptrmus
1009 3305 1164 3359 convocat
1179 3293 1312 3373 Amnes,

264 3410 383 3476 Triton
405 3433 551 3477 recessus
574 3392 669 3478 canit.
716 3413 755 3477 ln
776 3413 923 3477 omnibus
943 3411 1013 3477 fere
1035 3423 1068 3477 et
1091 3413 1314 3499 descriptioni·
1418 3403 1420 3410 ’

263 3530 327 3594 bus
346 3541 380 3594 et
399 3531 635 3596 narrationibus
658 3531 821 3616 ingenium
840 3541 948 3615 poetae
967 3539 1032 3594 tam
1055 3530 1088 3593 in
1108 3530 1313 3608 tenuissimis,

264 3671 361 3732 quam
376 3649 409 3712 in
428 3651 621 3734 gravissimis
640 3652 738 3715 rebus
757 3651 908 3740 admirari
927 3649 1011 3716 licet.
1058 3649 1106 3715 Ut
1124 3672 1145 3713 a
1161 3649 1313 3715 brevibus

264 3768 410 3832 tenuium
429 3791 537 3833 rerum
555 3769 827 3854 descriptionibus
847 3769 1006 3854 incipiam,
1023 3768 1075 3832 cui
1092 3789 1157 3831 non
1175 3765 1314 3853 placeat,

264 3891 286 3954 i.
302 3891 377 3968 335,
399 3879 530 3954 bonoim
553 3887 695 3966 Tortilis,
716 3889 749 3952 in
771 3889 869 3952 lotam
892 3909 963 3972 qaae
986 3885 1109 3950 turbine
1133 3885 1314 3970 crescitab

265 3989 351 4073 imo?
372 4031 450 4085 non,
464 4009 508 4073 iii.
526 4010 601 4087 586,
617 4009 770 4094 piscator,
786 4009 844 4095 qui
863 4007 927 4072 lino
946 4007 1069 4072 rabbat
1088 4015 1119 4070 et
1137 4007 1230 4070 hamo
1244 4006 1315 4072 De-

265 4127 382 4213 cipere,
405 4136 438 4192 et
459 4128 583 4192 calamo
604 4127 754 4192 salientes
780 4127 894 4190 docere
911 4124 1044 4211 pisces?
1066 4145 1142 4200 non,
1164 4124 1216 4187 vii.
1237 4125 1313 4202 624,
1358 4139 1366 4162 ·

265 4245 406 4312 sonuicae
423 4245 593 4332 frugilegas
613 4246 740 4334 agoniae
761 4245 857 4332 longo
875 4243 1003 4332 grande
1023 4265 1101 4306 onos
1120 4243 1239 4330 exiguo
1259 4265 1314 4308 ore

263 4373 421 4451 gerentes,
436 4365 633 4452 Rugoroqoe
652 4387 741 4430 suam
762 4373 924 4428 servantes
946 4362 1064 4426 cortice
1085 4362 1219 4426 collem?
1245 4371 1312 4438 aut,

265 4483 331 4548 viii.
351 4485 422 4561 189,
438 4483 595 4550 Daedalus
615 4483 682 4550 alas
705 4484 766 4550 sibi
780 4480 910 4568 filioque
931 4505 949 4546 e
969 4481 1095 4567 pennis,
1111 4478 1175 4544 lino
1191 4489 1224 4544 et
1239 4499 1314 4543 cera

266 4605 482 4688 componens?
514 4603 576 4666 His
591 4613 624 4668 et
638 4600 757 4668 talibus
772 4601 947 4666 innumeris
961 4597 1099 4685 palmam
1110 4596 1203 4662 facile
1217 4597 1313 4682 eripit
