3450 5998
470 793 553 865 '222
781 799 818 862 P.
843 795 1004 863 OVIDII
1029 794 1239 860 NASONIS

491 975 644 1074 Spargit
661 973 763 1047 humi
776 975 916 1071 jussos,
936 971 1106 1046 mortalia
1123 969 1278 1055 semina,
1297 969 1444 1042 dentes.

491 1089 598 1178 Inde,
616 1091 690 1164 fide
708 1090 848 1188 majus!
877 1090 998 1186 glebae
1015 1111 1163 1186 coepere
1180 1086 1339 1172 moveri;

490 1207 694 1304 Primaque
712 1207 760 1279 de
779 1207 892 1278 sulcis
910 1206 1010 1278 acies
1029 1202 1203 1302 apparuit
1220 1204 1359 1276 hastae:

479 1322 673 1420 Tegmina
690 1347 777 1396 mox
795 1323 961 1422 capitum
980 1322 1083 1420 picto
1101 1320 1272 1394 nutantia
1289 1343 1405 1407 cono;

490 1439 584 1514 Mox
602 1440 745 1514 humeri
765 1451 987 1539 pectusque,
1004 1451 1233 1536 onerataque
1251 1437 1405 1511 brachia
1421 1436 1505 1510 telis

490 1554 689 1644 Existunt;
719 1557 931 1653 crescitque
950 1580 1059 1652 seges
1077 1555 1253 1655 clypeata
1269 1555 1443 1627 virorum.

489 1671 566 1758 Sic,
584 1673 648 1745 ubi
665 1673 845 1745 tolluntur
861 1670 967 1746 festis
983 1674 1102 1746 aulaea
1118 1671 1288 1757 theatris,

1463 1085 1531 1155 106
1600 1085 1608 1098 “

1459 1673 1524 1742 111

490 1788 651 1884 Surgere
674 1788 782 1884 signa
805 1788 947 1877 solent;
977 1790 1215 1888 primumque
1239 1787 1437 1862 ostendere
1450 1787 1527 1859 vul·

489 1905 639 1979 Caetera
649 1906 850 2004 paulatim3
871 1907 1098 2005 placidoque
1112 1905 1391 1980 eductatenore
1419 1905 1528 1998 [tum

488 2020 584 2095 Tota
601 2034 753 2121 patent;
782 2023 936 2122 imoque
955 2026 1071 2123 pedes
1089 2023 1127 2095 in
1145 2021 1311 2118 margine
1329 2030 1486 2120 ponunt.

487 2136 656 2212 Territus
672 2140 779 2214 hoste
791 2162 888 2212 novo
903 2140 1070 2214 Cadmus
1084 2163 1220 2239 capere
1235 2161 1338 2212 arma
1352 2138 1526 2236 parabat:

490 2261 514 2292 “
530 2255 590 2328 Ne
605 2237 734 2354 capej’
748 2255 796 2330 de
807 2256 961 2354 populo,
976 2280 1090 2355 quem
1103 2266 1203 2331 terra
1215 2266 1418 2342 creaverat,
1434 2277 1530 2326 unus

488 2439 567 2488 Verba
584 2449 664 2489 autem
681 2450 711 2496 et,
728 2443 866 2490 ut-dentes
881 2441 901 2490 si
917 2441 1004 2490 abes·

486 2521 547 2568 sent,
559 2529 605 2562 non
616 2509 815 2562 desiderarentur.

520 2591 574 2638 106.
592 2589 705 2652 Irvlefide
714 2589 807 2652 majus]
826 2587 907 2655 Eurip.
919 2591 968 2638 674
977 2609 982 2637 :

482 2662 572 2713 'nmen
589 2662 691 2722 ἐξανῆκε
709 2666 742 2728 γῆ
763 2663 904 2713 Πάνοπλον
925 2662 984 2728 ὄψιν

485 2738 548 2802 ὑπὲρ
562 2735 735 2802 ἅκρωνὍρων
746 2736 843 2800 χθονός.
875 2736 982 2786 SedNo·

485 2823 577 2862 stereos
585 2812 671 2860 sensim
679 2811 984 2877 nobiseterraprodeuntes

485 2885 595 2942 ostendit,
614 2884 696 2934 addita
714 2884 867 2934 similitudine
888 2885 983 2934 mininie

485 2959 584 3024 vulgari.
618 2960 714 3015 Moneri,
733 2975 824 3008 sursum
845 2959 907 3016 ferri,
928 2975 982 3008 mox

485 3033 569 3084 dilabi.
581 3032 667 3082 Claud.
676 3031 726 3082 ui.
734 3034 797 3081 ala:
814 3036 882 3098 gulsa
890 3043 983 3082 murras

485 3118 590 3158 aucense
602 3108 708 3173 feriunt,
726 3117 812 3156 eruunt
832 3117 917 3157 terram
937 3108 983 3156 sibi

485 3184 628 3231 obstantem.

519 3259 574 3305 108.
592 3256 700 3320 Tegmina
714 3259 822 3318 cupitum,
841 3254 924 3319 galee,
940 3257 982 3306 ha-

484 3333 668 3386 hebauteomun,
677 3331 825 3380 tuberculum
833 3339 982 3388 excavatum,

484 3407 523 3456 cui
539 3405 681 3454 indebantur
695 3405 782 3462 criste,
793 3421 847 3470 quse
864 3406 912 3455 lere
925 3423 981 3456 con·

483 3481 580 3530 stabant
602 3479 780 3528 versicoloribus
806 3479 898 3544 pennis,
919 3481 982 3530 unde

481 3559 558 3618 pistris
567 3571 643 3603 eoam.
668 3554 709 3601 Ere
717 3569 801 3619 penna
810 3553 982 3603 intereundum

484 3630 605 3684 nundum,
626 3628 789 3676 movebantur.
834 3627 877 3676 Est
903 3638 982 3676 autem

484 3713 569 3752 nutare
587 3703 683 3750 verbum
702 3701 726 3749 iu
744 3701 789 3749 hec
807 3716 832 3749 re
849 3701 980 3766 proprium:

484 3776 532 3827 rid.
545 3775 656 3825 Heinsius
664 3775 695 3824 ad
704 3774 746 3824 Sil.
753 3775 785 3824 iv.
793 3776 848 3824 460.
870 3775 917 3824 Sed
924 3775 982 3825 dum

483 3852 559 3916 galee
570 3850 657 3900 sensim
667 3865 680 3899 e
691 3859 752 3898 terra
763 3849 895 3914 prodibant.
905 3849 981 3900 cristas

391 3944 394 3960 ·
484 3936 568 3974 nutura
578 3941 624 3974 non
634 3933 750 3990 poterant.

520 4001 573 4047 110.
592 3999 708 4053 Baletum,
719 3998 745 4046 ii.
756 3999 812 4046 tot.
845 3997 911 4062 Sages
920 4002 980 4046 uiro·

484 4089 544 4121 rum.
569 4072 676 4136 Euripid.
695 4087 742 4122 vor.
760 4072 822 4120 946:
850 4081 911 4121 terrs
932 4072 982 4122 edit

484 4145 665 4210 χρυσοπήληκα
680 4146 778 4210 στάχυν
793 4149 926 4210 Σπαρτῶν,
938 4161 979 4195 au·

485 4220 530 4270 reis
544 4219 618 4284 galeis
634 4229 749 4268 armatam
763 4227 869 4284 segetem
884 4221 980 4284 Sparto-

484 4309 546 4349 rum,
566 4293 629 4342 unde
649 4293 750 4342 Ovidius
767 4295 895 4357 clypeatam
912 4294 978 4351 lecit,

484 4365 548 4431 quod
556 4365 693 4416 Addisonus
702 4365 752 4416 sine
762 4381 833 4416 cause
841 4366 979 4416 damnabat.

486 4441 571 4505 virgil
583 4442 672 4505 Georg.
684 4441 711 4488 ii.
724 4443 785 4489 let:
805 4443 883 4490 Guleis
897 4445 981 4492 densis·

484 4531 526 4579 qus
535 4517 610 4564 mrtem
617 4531 676 4579 seges
684 4517 774 4564 horruit
784 4517 861 4564 bostis.
878 4519 900 4564 A
908 4517 980 4566 Clau·

485 4591 555 4639 diano
572 4591 645 4636 mauis
664 4598 767 4645 vocatur,
785 4605 858 4653 quum
876 4593 982 4656 Anniger

484 4675 504 4712 et
517 4663 686 4726 viridifloreret
695 4665 767 4710 milite
774 4665 859 4712 nehus.

1069 2443 1123 2492 lll.
1141 2441 1242 2504 doleo]
1264 2441 1327 2490 Vela
1341 2438 1415 2506 picta,
1431 2453 1531 2504 quorum

1033 2531 1091 2566 usus
1110 2515 1182 2565 etism
1201 2515 1226 2562 in
1247 2513 1345 2562 theatris
1365 2521 1426 2562 erat.
1459 2513 1529 2570 Haec,

1034 2605 1108 2655 quum
1123 2588 1195 2639 ludus
1208 2587 1304 2637 initium
1318 2587 1438 2653 capiebat,
1449 2603 1496 2636 nnn
1506 2587 1531 2635 in

1034 2663 1109 2714 altum
1126 2663 1287 2719 trahebantur,
1297 2669 1325 2710 ut
1342 2660 1405 2727 apud
1423 2675 1475 2719 nos,
1489 2660 1531 2711 sed

1033 2736 1531 2802 exaltodernittebsntur,its,ut,quamdiu

1033 2829 1106 2862 scene
1126 2821 1207 2879 aperta
1226 2817 1297 2868 asel,
1317 2809 1385 2860 humi
1407 2811 1531 2876 jacerent3

1033 2887 1087 2938 vide
1098 2889 1198 2938 Gesner.
1206 2885 1236 2935 ad
1248 2885 1330 2935 Horat.
1342 2885 1373 2935 A.
1384 2887 1412 2934 P.
1420 2903 1468 2935 ver.
1477 2887 1531 2936 154.

1032 2971 1057 3012 et
1065 2962 1178 3012 Scheffer.
1190 2961 1220 3011 ad
1230 2960 1325 3009 Phaedri
1336 2961 1367 3010 V.
1378 2961 1427 3010 lab.
1438 2960 1479 3011 vii.
1489 2963 1530 3010 23.

1034 3037 1100 3086 Ferte
1111 3040 1209 3093 theatro,
1217 3037 1243 3084 in
1253 3036 1340 3101 quibus
1350 3035 1401 3084 ludi
1410 3036 1531 3086 celebran-

1032 3121 1071 3161 tur
1087 3110 1171 3161 disbus
1186 3111 1260 3160 lestis.
1283 3109 1346 3159 Vide
1363 3126 1435 3177 supra
1453 3112 1532 3162 Meta-

1033 3187 1124 3252 morph.
1133 3186 1208 3236 lib.ii.
1218 3187 1273 3234 713.
1277 3187 1354 3250 sedus
1360 3203 1438 3244 orum
1450 3187 1471 3235 Ι.
1480 3189 1533 3236 Art.

1035 3262 1090 3310 133.
1104 3263 1205 3310 omna
1223 3261 1321 3318 theatro,
1334 3261 1359 3309 in
1378 3261 1466 3325 quibus
1482 3263 1532 3312 ludi

1031 3335 1140 3385 solennes
1150 3336 1275 3384 habentur.

1066 3412 1121 3459 112.
1139 3411 1210 3476 Signo
1221 3425 1303 3459 ornnes
1320 3409 1457 3476 intelligunt
1472 3413 1531 3461 iina-

1031 3483 1098 3551 gines
1108 3486 1134 3534 in
1144 3485 1222 3534 uulso
1232 3485 1323 3552 pictas;
1348 3501 1393 3534 nec
1413 3485 1529 3551 improbo,

1031 3575 1168 3624 quanquam
1189 3560 1234 3608 hoc
1255 3575 1341 3609 nomen
1361 3559 1477 3610 mrisaime
1498 3561 1533 3610 ita

1032 3633 1124 3698 leginn.
1158 3635 1243 3683 Putem
1261 3643 1341 3682 minen
1358 3643 1382 3683 et
1399 3635 1430 3684 de
1448 3635 1533 3685 statuis

1032 3703 1086 3773 post
1105 3709 1208 3758 aulseurn
1232 3708 1315 3776 positis
1336 3707 1434 3774 eogitari
1456 3727 1532 3776 posse,

1031 3797 1092 3847 quas
1109 3782 1134 3831 in
1151 3782 1250 3832 theatris
1265 3783 1408 3832 intentorum
1425 3785 1530 3833 velorum

1031 3854 1148 3904 coloribus
1168 3856 1234 3904 inlici
1255 3858 1352 3906 Lucret.
1373 3856 1406 3905 iv.
1429 3859 1469 3907 77.
1490 3860 1531 3918 ait,

1031 3929 1164 3994 quibusque
1185 3930 1271 3980 melius
1290 3931 1362 3980 etiarn
1383 3931 1426 3980 riri
1448 3935 1533 3983 minti

1030 4013 1203 4067 comparantur.
1230 4005 1280 4060 Ee,
1292 4004 1350 4053 dum
1359 4006 1437 4055 aulea
1447 4009 1533 4056 toltum-

1032 4087 1079 4134 tur,
1090 4087 1248 4135 mutarentur,
1262 4089 1363 4144 surgunt
1381 4081 1532 4145 exquisitiore

1029 4149 1072 4198 illo
1088 4150 1152 4199 verbi
1172 4167 1225 4209 usu,
1239 4151 1269 4200 de
1284 4168 1332 4217 quo
1347 4152 1379 4201 sd
1390 4153 1480 4215 i.345;
1497 4165 1532 4205 at·

1029 4239 1076 4288 que
1094 4241 1124 4273 ex
1143 4224 1252 4275 illusione
1269 4225 1359 4291 optica,
1373 4228 1482 4294 jucunde
1497 4229 1532 4279 di·

1029 4307 1116 4347 cuntur
1123 4301 1190 4347 edwi
1197 4309 1222 4348 et
1227 4301 1292 4362 pedes
1300 4303 1325 4350 in
1333 4303 1533 4367 meginponere.

1032 4371 1113 4427 Terror,
1129 4379 1204 4437 quum
1220 4373 1271 4422 sine
1288 4374 1414 4426 intervallo
1434 4391 1472 4426 res
1489 4377 1533 4426 sibi

1030 4445 1169 4504 succedunt,
1179 4448 1330 4506 continuitas,
1341 4449 1470 4516 συνάφεια.

1066 4521 1121 4569 116.
1143 4521 1248 4572 Territus
1263 4525 1322 4572 hosts
1337 4526 1415 4589 noua]
1445 4526 1533 4576 Phere-

1030 4591 1104 4657 cydes
1122 4605 1265 4652 narraverat,
1283 4597 1406 4662 lapidibus
1425 4615 1467 4649 eos
1485 4613 1534 4649 esse

1030 4667 1116 4732 petitos
1127 4685 1142 4718 a
1152 4671 1252 4728 Cadmo,
1262 4681 1295 4728 et,
1307 4688 1381 4738 quum
1393 4689 1450 4723 vero
1465 4686 1532 4740 puta-
