3552 5984
306 993 383 1036 cum
401 971 475 1056 ipso
497 969 624 1055 Heynii
638 967 777 1056 Virgilio
800 990 985 1055 compares,
1002 970 1097 1038 immo
1119 972 1255 1040 fortasse
1276 997 1359 1060 prae·

303 1111 424 1176 ponas,
440 1087 617 1154 dmnmodo
633 1087 822 1167 attenderis,
840 1109 906 1173 qus
924 1090 1099 1176 sagacitate
1119 1101 1246 1158 textum
1262 1113 1361 1160 exeo

305 1210 384 1287 tint;
416 1207 523 1274 lucem
550 1229 594 1272 ex
621 1205 710 1272 lirmo
738 1207 796 1272 det
827 1209 1048 1292 repentinam
1079 1219 1113 1276 et
1140 1210 1239 1297 hujus
1267 1212 1360 1297 qussi

308 1325 504 1412 Labyrinthi
523 1327 676 1412 smbuges
695 1324 845 1404 resolvat,
866 1337 957 1393 certo
978 1349 1117 1415 semper,
1136 1351 1197 1396 nec
1216 1351 1358 1416 unquam

305 1447 489 1531 interrupto
513 1443 569 1510 iilo
594 1442 724 1510 lectoris
748 1435 869 1530 regens
889 1445 1042 1532 vestigia:
1075 1469 1151 1534 quse
1175 1446 1257 1526 leus,
1283 1447 1358 1515 licet

305 1585 441 1640 summa,
463 1561 544 1628 nihil
564 1573 673 1629 tamen
695 1561 875 1648 Heyninnoe
896 1565 1060 1644 detrahit3
1090 1567 1149 1632 sed
1173 1566 1259 1632 hanc
1283 1586 1359 1653 pro-

305 1685 410 1770 priam
424 1693 458 1748 et
470 1680 666 1769 peculiarem
679 1683 742 1749 sibi
755 1683 935 1750 vindicasse
948 1684 1076 1752 videtur
1090 1684 1141 1750 Cl.
1151 1685 1280 1770 Gicrig,
1293 1687 1357 1764 cui,
1475 1695 1484 1702 '

306 1812 356 1867 tot
376 1803 462 1868 inter
482 1812 517 1867 et
536 1811 603 1866 tam
622 1802 726 1867 vomas
747 1823 855 1868 rerum
882 1801 1016 1888 ligures,
1038 1803 1206 1870 retinenda
1224 1815 1300 1870 erst
1323 1784 1357 1869 iri

305 1919 417 2006 primis
442 1929 549 2006 poetes
577 1919 679 2006 ipsius
703 1919 818 1999 forms,
843 1921 937 2008 cujus
960 1943 1023 1988 non
1046 1923 1160 2002 mdes,
1184 1940 1247 1988 noo
1270 1925 1357 1990 color

305 2061 396 2118 mm,
420 2062 481 2106 nec
504 2041 551 2106 ite
574 2041 718 2107 &serm
742 2050 862 2121 tumen,
885 2052 922 2106 ut
951 2042 1002 2107 sui
1026 2023 1169 2127 prorsus
1185 2041 1356 2121 dissimilis,

303 2159 426 2244 quique
444 2159 583 2225 Ρνσίεω
605 2159 701 2237 alter,
722 2170 760 2226 ut
785 2159 913 2246 scripsit
939 2159 1105 2245 ingeniose
1125 2161 1194 2245 jam
1215 2157 1356 2226 lnudstae

305 2276 511 2343 Praelutionis
529 2287 654 2356 auctor,
668 2298 702 2363 p.
719 2278 775 2343 xii.
790 2299 810 2342 e
828 2277 973 2342 monibus
988 2277 1121 2355 excidit,
1135 2275 1218 2342 fallit
1233 2277 1356 2357 oculos,

304 2419 324 2462 e
342 2394 455 2462 vinclis
473 2394 587 2475 effluit,
606 2417 667 2462 nec
688 2395 763 2462 ideo
784 2395 890 2462 minus
908 2403 1080 2482 perpetua,
1099 2385 1284 2482 quenquam
1303 2419 1357 2462 vs-
1465 2409 1468 2416 '

302 2517 410 2581 rinnte
425 2513 659 2601 prodigialiter,
672 2513 840 2602 voluptate
857 2515 979 2581 animos
998 2512 1152 2592 oblectat,
1171 2515 1205 2580 in
1224 2513 1356 2582 delicias

303 2634 391 2720 rapit
404 2643 439 2699 et
453 2633 640 2702 suavissime
655 2633 789 2699 detinet.
1017 2639 1027 2652 ·

347 2751 461 2827 Quum
488 2773 566 2818 vero
594 2751 845 2818 desiderandum
872 2772 944 2816 esse
972 2748 1117 2816 nonnihil
1142 2751 1177 2820 in
1201 2751 1356 2818 varietate

302 2872 477 2939 lectionum
505 2871 685 2951 sensissem,
710 2872 754 2938 cd
782 2871 922 2958 Regium
950 2870 1189 2938 Bibliothecam
1213 2871 1356 2958 confugi,

303 2993 444 3059 Codices
465 3014 576 3059 omnes
597 2993 832 3076 manuscriptos
853 2994 1069 3078 inspecturus,
1089 2992 1116 3056 si
1136 3013 1218 3077 qnos
1238 2991 1357 3056 doctis-

302 3113 403 3177 simus
427 3111 588 3196 interpres
615 3111 808 3198 ignorasset,
831 3108 883 3176 vel
906 3107 1103 3196 neglexisset
1130 3107 1353 3174 conferendos.

304 3229 361 3294 Ex
377 3229 428 3294 his
438 3239 598 3295 'accurate
617 3229 753 3308 collatis,
768 3229 850 3294 duos
866 3227 1045 3315 praesertim
1062 3226 1281 3313 suppeditavit
1300 3227 1355 3291 xiii

303 3345 469 3426 saeculum,
484 3368 567 3433 quos
585 3347 619 3410 in
639 3347 744 3434 primo
761 3346 893 3432 quidem
910 3343 1130 3430 Metamorphl
1146 3343 1230 3409 libro
1245 3366 1356 3409 nume·

303 3467 348 3532 ris
374 3467 560 3552 designatos
587 3467 743 3545 invenies,
769 3465 856 3530 8000
881 3475 915 3530 et
940 3463 1037 3541 8001,
1062 3463 1181 3548 quibus
1208 3461 1354 3548 inscripti

303 3584 414 3670 Regio
434 3582 592 3669 Catalogo
611 3583 836 3669 reperiuntur;
859 3582 979 3648 deinde
992 3601 1071 3646 vero
1090 3580 1190 3666 signis
1209 3577 1243 3644 A
1260 3589 1294 3644 et
1311 3579 1353 3656 Β,

302 3700 421 3768 veihis
435 3711 559 3768 tantum
573 3702 692 3779 verbis,
706 3700 824 3766 Nostri
838 3699 940 3787 Regii
950 3725 963 3764 .·
984 3695 1112 3763 notulas
1126 3719 1256 3784 quoquc
1270 3697 1355 3762 notis

301 3820 466 3885 interdum
494 3819 662 3885 addendus
690 3817 814 3894 censui,
840 3839 921 3902 quus
950 3799 969 3881 e
998 3813 1160 3900 congestis
1190 3813 1354 3879 Vas-iorum

301 3939 548 4018 commentariis,
567 3947 601 4004 et
622 3937 802 4025 praesertim
821 3957 840 4000 e
859 3933 1023 4000 anmbio
1042 3942 1215 4018 excerptos
1235 3932 1354 3998 Editor

300 4056 439 4144 signavi.

346 4173 413 4239 Sed
436 4175 625 4260 priusquam
642 4171 686 4238 nd
704 4172 811 4257 ipsum
830 4169 1140 4256 Metamorphoseon
1158 4165 1277 4235 librum
1297 4166 1355 4234 de·

301 4292 423 4370 venias,
446 4291 678 4358 immorandum
698 4291 762 4356 crit
784 4289 853 4367 tibi,
877 4287 990 4366 lector,
1012 4309 1073 4354 nec
1096 4287 1164 4352 sine
1189 4285 1297 4352 fructu
1318 4295 1353 4350 et
1372 4341 1377 4346 .

300 4409 481 4498 voluptate,
496 4410 626 4477 Criticae
646 4409 887 4488 Dissertationi,
902 4409 944 4473 de
957 4406 1052 4472 var-iis
1075 4416 1279 4481 κατακλυσμοιε,
1296 4406 1353 4490 qui

301 4530 417 4596 doctos
430 4551 496 4596 non
508 4528 625 4605 minus,
640 4549 737 4614 quem
752 4527 863 4592 orbem
878 4525 984 4610 ipsum
998 4524 1283 4610 perturbaverunt,
1295 4523 1353 4588 do-

301 4669 364 4714 nec
384 4647 469 4713 inter
487 4647 709 4732 discrepantes
723 4645 772 4710 vir
791 4652 993 4729 exsurgeret,
1008 4651 1114 4708 tantas
1131 4641 1204 4708 lites
1224 4662 1353 4727 compo·
