3552 5984
264 975 987 1062 METAMORPHOSEON
1029 981 1284 1069 SERIES

751 1175 795 1224 EX

367 1324 412 1390 G.
429 1323 648 1390 CANTERI
672 1324 821 1392 NOVIS
844 1327 1171 1397 LECTIONIBUS

515 1527 637 1588 NUNC
659 1528 804 1590 PAULO
824 1529 1029 1592 Aucrlort.
1079 1591 1087 1608 ,
1173 1553 1176 1558 ·

244 1901 348 1992 ῙιΙΒ.
365 1924 391 1992 1.
416 1925 582 2011 Principio
600 1925 708 1990 Chaon
724 1927 757 1990 in
774 1927 927 1994 elementa
943 1941 1083 2014 quatuor
1100 1955 1120 1996 a
1137 1932 1212 1998 Deo
1231 1933 1295 1998 dis·

243 2045 415 2130 tinguitur3
431 2045 550 2131 quibus
559 2067 659 2130 quum
674 2047 724 2112 sui
735 2045 891 2112 darentur
901 2047 1024 2126 incede,
1037 2051 1133 2114 etiem
1147 2051 1238 2116 dorso
1252 2073 1295 2116 ex

242 2173 329 2228 terra
348 2175 382 2230 et
401 2187 489 2250 aquo
506 2173 636 2229 creatus
656 2175 716 2230 est.
756 2164 886 2230 Secutae
902 2176 978 2230 sunt
997 2175 1110 2232 oetates
1128 2167 1294 2232 hominum

240 2291 390 2367 quotuor,
413 2283 447 2345 in
470 2303 606 2366 querum
632 2292 807 2366 postrema,
830 2305 934 2369 eaque
957 2285 1169 2364 vitiosissime,
1193 2307 1293 2372 quum
1372 2266 1382 2281 ’

244 2397 416 2486 Gigantes,
430 2421 472 2464 ne
489 2401 584 2464 terris
604 2401 747 2466 securior
766 2413 853 2468 esset
872 2403 985 2481 iether,
1002 2403 1134 2471 coeleste
1156 2427 1293 2492 regnum

241 2529 401 2604 peterent,
416 2537 459 2584 ex
473 2539 597 2597 eorum,
613 2517 733 2584 edove
747 2521 1025 2607 interemptorum,
1041 2523 1198 2610 sanguine
1211 2543 1293 2587 nova

240 2637 395 2700 hominm
403 2658 559 2723 propago
574 2648 646 2704 orto
656 2649 716 2704 est.
752 2639 820 2714 Qui
831 2663 930 2726 quum
944 2652 978 2706 et
992 2642 1055 2726 ipsi
1069 2652 1177 2706 essent
1191 2641 1292 2726 impii,

240 2753 372 2838 Jupiter
390 2775 456 2820 non
478 2755 578 2820 modo
593 2754 777 2842 Lycaonem
799 2758 832 2820 in
855 2758 962 2843 dapem
986 2769 1101 2836 mutat,
1119 2758 1178 2824 sed
1197 2779 1291 2822 omne

239 2893 341 2957 genus
360 2871 527 2938 hominum
545 2871 794 2958 animaliumque
813 2874 1014 2940 terrestrium
1033 2875 1151 2940 diluvio
1170 2873 1290 2960 perdit,

239 2973 325 3057 unde
348 2991 408 3057 soli
430 2991 658 3079 relinquuntur
677 2994 870 3079 superstites
889 2993 1071 3059 Deucalion
1091 3003 1125 3058 et
1144 2991 1288 3078 Pyrrho,

238 3109 294 3196 qui
312 3121 389 3196 poet
408 3111 570 3176 redditam
588 3123 718 3188 terram,
730 3111 828 3196 jectis
844 3123 920 3198 post
938 3121 1032 3198 terge
1046 3113 1218 3198 lapidibus,
1233 3111 1290 3174 ltu-

237 3249 359 3292 mm
374 3227 569 3313 repererunt
579 3249 692 3315 gersus.
726 3227 867 3314 Reliqua
881 3231 1034 3296 animlio
1046 3242 1162 3316 sponte
1174 3251 1232 3294 rua
1245 3249 1289 3292 ex

237 3349 365 3413 tumme
381 3357 415 3413 et
435 3349 543 3413 colore
565 3349 773 3434 prodierunt:
797 3349 830 3413 in
848 3351 968 3435 quibus
987 3350 1082 3414 etiam
1098 3349 1206 3434 Pytho
1224 3369 1289 3411 ser·
1387 3335 1393 3350 ’

237 3488 328 3552 pens.
368 3466 479 3541 Quem
493 3489 593 3552 quum
608 3467 748 3532 Peaeum
762 3467 985 3543 interemisset,
998 3467 1137 3553 Pythice
1151 3467 1242 3530 ludos
1255 3464 1289 3526 in

235 3589 280 3652 rei
293 3587 480 3651 memoriam
494 3586 643 3662 instituit,
658 3587 776 3670 quibus
790 3587 930 3652 victores
945 3585 1083 3651 aesculea
1097 3606 1217 3650 corona
1231 3583 1289 3646 do·

236 3709 414 3784 nubantur3
430 3705 574 3770 nondum
585 3705 670 3770 enirn
681 3715 751 3770 erat
762 3707 883 3783 huram,
895 3706 928 3770 in
939 3729 1036 3791 quum
1047 3725 1123 3769 mox
1134 3701 1287 3787 Daphne,

236 3826 354 3892 Phoebi
375 3847 517 3890 amorem
535 3824 674 3911 fugiens,
690 3838 740 3892 est
760 3801 925 3893 converse.
964 3825 1064 3900 Quod
1085 3845 1186 3910 quum
1205 3820 1288 3885 acci·

236 3947 346 4024 disset,
368 3956 437 4010 turn
459 3945 501 4010 ud
521 3957 647 4030 patrem
670 3948 741 4031 ejus
761 3945 908 4012 Peneum
929 3945 1060 4031 reliquis
1083 3943 1199 4019 fluviis,
1221 3943 1287 4007 sive

238 4063 433 4151 gratulandi,
450 4063 515 4128 sive
533 4062 720 4128 consolandi
739 4065 853 4150 grstia,
870 4064 1085 4149 congregatis,
1102 4061 1189 4126 solus
1203 4061 1287 4128 desi·

235 4183 367 4248 deratus
387 4191 438 4246 est
452 4180 603 4258 Inachus,
619 4179 774 4246 sollicitus
789 4181 831 4246 de
846 4182 926 4246 Ione
945 4179 1023 4259 filia,
1038 4203 1136 4266 quam
1154 4179 1286 4265 Jupiter

234 4313 307 4385 post
320 4313 472 4386 stuprum
486 4299 520 4362 in
523 4299 696 4384 juvencum
710 4307 901 4364 mutaverat.
941 4297 992 4362 En
1007 4321 1107 4382 quum
1121 4321 1141 4362 s
1155 4297 1286 4362 Junone

234 4416 324 4505 Argo
345 4415 560 4482 custodienda
579 4426 666 4480 esset
684 4415 815 4492 tradite,
832 4413 921 4480 hunc
941 4407 1136 4491 Mercurius,
1155 4424 1285 4480 narrata

234 4535 320 4619 prius
331 4531 500 4618 Nymphoe
515 4533 668 4620 Syringis
680 4533 714 4596 in
729 4533 913 4598 arundinem
925 4534 1216 4610 transformatione,
1232 4555 1287 4598 oc·

232 4653 317 4729 cidit,
337 4654 475 4738 ejusque
500 4651 619 4716 deinde
642 4651 766 4715 nentia
791 4649 922 4717 Junone
946 4652 977 4716 in
993 4673 1153 4739 pavonem
1175 4650 1283 4718 colisti
