3494 6010
382 785 385 797 ’
439 791 910 860 METAMORPHOSEON
934 791 1025 860 LlB.
1042 791 1086 856 V.
1223 789 1288 858 8ss

239 963 400 1042 Lamina
414 968 589 1060 dissiluit,
605 969 824 1068 dominique
841 971 880 1042 in
904 978 1054 1066 gutture
1071 965 1148 1040 fixa
1164 974 1235 1040 est.

238 1081 326 1158 Non
343 1077 472 1160 tamen
490 1086 538 1160 ad
556 1087 674 1160 letum
690 1108 826 1160 causas
845 1086 936 1160 satis
954 1083 1019 1158 illa
1034 1082 1202 1158 valentes

236 1199 357 1298 Plaga
373 1203 501 1278 dedit:
522 1203 711 1302 trepidum
731 1202 907 1290 Perseus,
925 1215 964 1278 et
980 1199 1138 1276 inermia
1149 1200 1287 1278 frustra

237 1317 402 1394 Brachia
418 1320 639 1396 tendentem
658 1320 859 1420 Cyllenide
877 1319 1046 1394 confodit
1062 1320 1192 1416 harpe.
1216 1319 1286 1390 176

285 1435 428 1528 Verum
445 1435 511 1511 ubi
528 1437 705 1512 virtutem
722 1439 842 1513 turbae
861 1437 1109 1512 succumbere
1125 1434 1231 1523 vidit,

236 1559 261 1592 “
273 1549 505 1640 Auxilium,”
521 1553 697 1644 Perseus,
718 1563 742 1596 ‘⁸
755 1555 935 1655 quoniam
953 1555 1008 1629 sic
1024 1553 1159 1650 cogitis
1177 1551 1287 1652 ipsi,’'

238 1663 358 1755 Dixit,
379 1677 404 1707 “
417 1669 592 1746 ab·hoste
607 1681 757 1770 petam:
786 1673 911 1748 vultus
930 1671 1086 1748 avertite
1103 1681 1260 1757 vestros,

237 1783 279 1858 Si
297 1785 383 1884 quis
402 1785 545 1862 amicus
563 1787 673 1862 adest
684 1787 719 1863 :'’
746 1798 785 1862 et
804 1787 993 1886 Gorgonis
1011 1784 1149 1862 extulit
1164 1809 1241 1860 ora.

237 1899 373 1986 Quaere
391 1903 517 1993 alium,
534 1917 602 1981 tua
618 1929 733 2004 quem
750 1916 927 1980 moveant
942 1902 1158 1989 miracula,'’
1176 1901 1274 1976 dixit

236 2017 464 2096 Thescelus:
493 2034 612 2120 utque
630 2045 744 2096 manu
761 2023 932 2120 Jaculum
949 2019 1061 2096 fatale
1079 2019 1236 2118 parabat

237 2133 403 2225 Mittere,
422 2139 461 2210 in
479 2138 551 2213 hoc
569 2138 680 2213 haesit
698 2139 847 2237 signum
866 2141 914 2215 de
932 2160 1116 2214 marmore
1134 2145 1257 2232 gestu.

236 2249 437 2328 Proximus
455 2255 543 2329 huic
560 2255 717 2356 Ampyx
735 2258 849 2332 animi
866 2256 1086 2357 plenissima
1101 2252 1228 2350 magni

186 2435 190 2443 .
237 2365 397 2443 Pectora
416 2367 595 2468 Lyncidoe
615 2373 740 2470 gladio
758 2373 874 2474 petit;
894 2370 1193 2471 inquepetendo
1214 2371 1301 2459 185,

237 2483 406 2562 Dextera
421 2488 587 2586 diriguit,
608 2514 678 2566 nec
695 2491 790 2566 citra
807 2503 920 2577 mota,
940 2513 1011 2564 nec
1028 2487 1139 2562 ultra.

235 2601 287 2676 At
305 2602 452 2692 Nileus,
471 2605 536 2704 qui
555 2631 597 2681 se
614 2607 784 2704 genitum
802 2605 1053 2706 septemplice
1069 2597 1158 2678 Nilo

236 2717 454 2796 Ementitus
471 2734 564 2812 erat,
583 2725 719 2825 clypeo
737 2747 891 2824 quoque
908 2721 1065 2797 flumina
1086 2729 1234 2819 septem

236 2834 404 2934 Argenta
421 2841 569 2938 partim,
589 2842 725 2941 partim
742 2842 941 2916 celaverat
958 2863 1060 2925 auro,

236 2961 260 2992 “
279 2953 457 3059 Aspice‚'’
473 2958 537 3044 ait,
559 2968 582 2999 “
595 2958 752 3047 Perseu,
769 2968 905 3034 nostroe
919 2954 1124 3057 primordia
1135 2951 1281 3051 gentis:

236 3067 379 3168 Magna
395 3073 492 3148 feres
510 3075 645 3150 tacitas
663 3074 798 3150 solatia
815 3074 945 3149 mortis
953 3071 1007 3176 {ed
1025 3072 1178 3148 umbras
1214 3073 1278 3146 191

268 3252 321 3305 173.
339 3257 460 3316 Dominus,
470 3259 512 3326 qui
524 3259 597 3310 utitur
607 3260 690 3328 alique
700 3278 734 3312 re.
784 3261 862 3310 betur.
897 3257 980 3309 Gestar
996 3257 1032 3308 illi
1049 3267 1089 3307 sut
1106 3255 1195 3306 similes
1210 3253 1286 3305 notui

236 3329 361 3393 Cyllenide,
372 3349 444 3398 quens
456 3350 471 3383 a
481 3334 658 3400 Cyllenaeus
669 3337 734 3386 Mer·
785 3334 850 3384 hsnd
864 3334 936 3384 dubie
949 3333 1000 3399 jssn
1017 3332 1048 3381 ab
1059 3329 1190 3397 antiquiore
1207 3337 1286 3396 poets.

234 3403 300 3452 curio
322 3415 461 3474 sceeperst:
490 3408 546 3458 vide
570 3410 600 3460 sd
619 3409 653 3459 iv.
676 3411 733 3462 726.
785 3409 880 3458 Etenim
889 3407 962 3458 etism
975 3406 1000 3456 in
1014 3404 1151 3471 Polydecte
1162 3417 1186 3455 et
1197 3403 1284 3454 arnico·

232 3473 312 3528 Etisrn
329 3479 448 3546 Orpheus,
463 3479 527 3532 Lith.
538 3501 577 3535 xv.
588 3486 628 3534 45.
647 3485 735 3552 ἅρπην
784 3499 836 3531 rum
845 3477 1284 3544 translonnstionembservsnterlpol·

235 3553 477 3614 Kuhhnvlduhsbet.
784 3557 833 3606 lod.
848 3557 883 3606 11.
895 3556 928 3604 iv.
946 3558 976 3605 δι
1002 3557 1052 3606 νῦν
1069 3551 1180 3611 ἰδόντων,
1196 3553 1287 3603 canios

261 3621 325 3676 lli.
344 3627 427 3679 Verum
441 3633 491 3688 ubi,
503 3631 562 3696 etc]
597 3631 676 3682 Serius
690 3633 735 3682 hnc
785 3630 888 3690 lesurae
906 3631 976 3697 ἔτυχε
999 3633 1085 3695 σχῆμα
1107 3629 1182 3694 lxm»
1200 3627 1286 3677 ἇπὼ·

233 3700 326 3750 auxilio
347 3702 422 3752 utitur
441 3713 468 3752 nt
486 3705 646 3755 tortitudinem
667 3716 737 3756 antes
782 3705 861 3766 θάθη.
894 3705 947 3754 Hoc
966 3719 1023 3768 ergo
1041 3703 1128 3752 Noster
1145 3709 1170 3750 et
1186 3701 1218 3751 iv.
1238 3699 1284 3751 561

233 3784 374 3826 ostentaret.
406 3779 441 3827 Ar
457 3780 517 3827 hoste
529 3789 611 3842 pstssn.
644 3781 685 3830 Sic
694 3783 738 3844 sss
785 3795 839 3846 sqq.
858 3788 972 3846 sequutus
989 3785 1034 3828 est.
1068 3777 1193 3842 Dr'rs'gutt‚·
1209 3773 1287 3840 rigide

234 3860 258 3899 et
268 3852 297 3898 ab
308 3853 368 3900 hosts
378 3855 460 3902 doceri.
494 3854 580 3911 Hostis,
591 3855 671 3921 Gorgo
681 3856 738 3905 olim
787 3863 812 3906 et
822 3855 882 3903 dura
892 3855 957 3903 secta
967 3861 1012 3902 est.

234 3923 323 3974 occisa.
365 3927 425 3992 Ejus
441 3927 520 3994 capite
538 3927 563 3977 ln
584 3944 664 3996 pugna
683 3945 738 3978 cum
823 3930 878 3979 ret.
894 3930 926 3977 As
943 3926 1105 3991 Ns'tsus,etc.]
1139 3926 1178 3975 Sic
1193 3925 1290 3974 Turnus

233 3999 379 4064 Gigantibus
399 4001 507 4052 similiter
533 4001 607 4052 utitur
628 4003 740 4053 Minervs
787 4004 813 4054 in
828 4006 913 4070 clypeo
926 4002 1043 4052 Inachum
1060 4001 1168 4057 fluvium,
1186 3999 1243 4066 quis
1257 4000 1287 4049 ab

235 4072 299 4139 spud
311 4073 396 4124 Claud.
405 4076 494 4125 xxxvii.
504 4078 537 4126 9³
547 4093 600 4142 sqq.
636 4077 737 4127 Esuttit.
787 4081 878 4130 Inscho
897 4093 973 4144 genus
991 4076 1102 4132 ducebat,
1117 4075 1228 4125 celatum
1246 4075 1290 4124 hs-

234 4149 513 4212 inconpositum.
548 4153 738 4210 instruentum·
788 4155 870 4203 bebst.
888 4152 984 4202 AEneid.
1001 4152 1041 4200 vii.
1056 4151 1112 4201 789.
1147 4151 1289 4208 Primordis,

235 4223 524 4290 glananesffersulffl.
560 4226 677 4285 Mousssrt,
690 4236 737 4277 ter·
787 4230 861 4294 origo.
895 4229 1023 4276 caderent
1037 4229 1113 4291 aliquo
1129 4241 1172 4292 per
1187 4226 1291 4274 brevilo-

237 4311 314 4349 resnt.
359 4301 442 4350 Fstals
462 4311 508 4359 est,
531 4302 595 4368 qnod
619 4310 740 4370 erreptum
789 4303 911 4370 quentians
921 4301 1010 4352 dicitur
1019 4301 1048 4361 is,
1059 4303 1101 4368 qui
1111 4303 1249 4351 interfectus
1259 4301 1291 4350 ab

237 4389 311 4423 csuss
321 4375 365 4424 tuit
375 4375 420 4442 ipsi
432 4375 578 4426 mutationis.
610 4379 684 4427 Hestt
693 4379 739 4443 sig·
790 4395 819 4428 eo
830 4377 903 4428 cudit.
923 4377 1039 4444 Exemplo
1051 4377 1123 4426 hebet
1133 4379 1293 4427 Burmannus.

237 4466 293 4498 ssusrr
304 4449 430 4514 exquisite,
440 4451 529 4500 lactum
540 4461 576 4500 est
588 4451 689 4518 signnm.
710 4451 740 4500 lrs
792 4453 909 4518 Magnum
926 4460 1005 4501 sutem
1022 4453 1149 4502 Veteribus
1164 4459 1214 4501 etst
1230 4449 1292 4500 sols·

238 4525 279 4573 lrss
289 4526 381 4590 signum
396 4525 475 4584 lesit:
493 4526 537 4574 hoc
554 4535 601 4582 est,
612 4525 743 4576 Thescelus
792 4527 861 4585 tium,
876 4542 892 4575 s
907 4541 995 4592 megan
1008 4526 1059 4578 viro
1072 4527 1172 4576 cedere:
1190 4524 1244 4574 vide
1261 4523 1294 4573 sd

236 4598 263 4646 in
284 4606 386 4648 statuam
403 4613 557 4650 mernoresru
576 4600 610 4649 its
628 4609 666 4650 est
687 4615 743 4649 con·
793 4603 827 4652 ix.
839 4605 864 4652 6.

236 4687 328 4728 sersus.
335 4681 363 4724 ut
370 4673 477 4739 jaculum
488 4675 596 4726 emittere
606 4675 668 4725 selle
677 4675 742 4726 side·

276 4747 355 4798 VOL.
371 4747 421 4798 ΙΙΙ.
490 4823 495 4838 .
892 4751 941 4801 οο
