3552 5984
454 763 541 830 xlviii
824 784 828 796 ¹
850 761 1110 830 PRAEFATIO

452 959 622 1014 exornare,
644 936 753 1002 multe
776 949 850 1002 sunt
869 939 1057 1022 probnndae,
1078 959 1138 1004 nec
1160 939 1291 1024 ingenio
1312 961 1430 1028 magno
1451 945 1499 1007 in·

453 1056 659 1142 dignm-iii.
683 1056 759 1119 lll:
782 1056 840 1120 Sic
862 1057 916 1120 abr·
938 1059 1089 1121 tolluntur
1101 1059 1204 1143 settis
1226 1061 1332 1126 atdoea
1354 1061 1499 1140 theatri&

452 1187 515 1242 etc·
561 1173 640 1242 Ver.
656 1175 736 1239 568:
760 1175 817 1239 Sic
830 1198 892 1263 ego
906 1185 1084 1254 torrentem,
1100 1187 1162 1242 etc.
1174 1177 1299 1262 quibus
1317 1178 1498 1245 illustratur

452 1294 655 1360 vehementia
666 1297 723 1358 irae
736 1295 978 1361 inhibita—iv.
991 1298 1066 1376 354,
1082 1297 1378 1385 Hermaphroditus
1392 1301 1499 1366 nudus

453 1415 487 1479 in
503 1435 598 1498 aqua,
613 1411 801 1489 translucet,
822 1423 857 1477 ut
871 1414 1009 1479 eduma
1029 1415 1059 1479 ci
1079 1417 1151 1501 quis
1169 1417 1274 1504 Signa
1293 1428 1384 1506 tegat
1400 1403 1498 1498 clarc,

453 1533 505 1597 ecl
521 1532 659 1596 candida
677 1532 758 1608 lilia,
779 1532 870 1596 vitro.
917 1531 1075 1599 Daedalus
1097 1535 1285 1602 antevolans
1304 1549 1380 1603 nato
1398 1539 1499 1617 timet,

437 1652 538 1728 ‚velat
557 1651 635 1726 ales,
651 1650 693 1714 ab
715 1651 782 1714 alto
803 1649 885 1722 ΟΜ
905 1659 1044 1716 teneram
1056 1655 1183 1739 prolem
1196 1657 1355 1740 producit
1371 1657 1404 1720 in
1421 1677 1500 1721 acra

452 1770 538 1834 nido.
583 1769 778 1834 Suavissima
798 1779 858 1847 est,
881 1791 914 1834 x.
941 1771 1013 1849 190,
1037 1794 1135 1858 quam
1157 1783 1265 1838 temen
1281 1773 1421 1860 Virgilio
1444 1777 1501 1840 de-

452 1889 521 1954 bet.
557 1887 610 1952 Ibi
630 1887 835 1971 Hyacinthus
850 1889 950 1974 jacet,
972 1889 1061 1954 Utri
1080 1891 1152 1976 quis
1169 1892 1281 1970 aicha
1294 1893 1427 1980 signove
1436 1915 1501 1980 pu·

447 2028 553 2093 parer
576 2006 610 2070 in
634 2007 737 2082 Ιιοήο,
759 2005 911 2091 ittaque
938 2005 1108 2094 iufringat
1131 2019 1195 2075 etc.
1241 2009 1441 2076 Laudandus
1466 2021 1500 2076 et

453 2124 555 2203 locus,
576 2127 619 2190 xi.
644 2125 776 2202 508-36,
799 2125 865 2210 quo¹
885 2125 976 2190 navis
998 2124 1151 2192 fluctibus
1170 2129 1294 2213 jactata
1321 2151 1394 2194 cum
1415 2131 1499 2194 urbe

454 2253 644 2331 oppugnata
665 2224 881 2328 comparatur.
927 2243 1104 2329 Sed‘saepe
1127 2245 1159 2310 in
1181 2245 1244 2312 hoc
1266 2267 1385 2332 genere
1406 2267 1500 2312 orne·

453 2373 634 2428 mentorum
648 2360 840 2426 inveniendo
853 2371 889 2425 et
902 2360 1089 2429 adhibendo
1107 2362 1169 2430 fuit
1182 2363 1304 2430 infelix.
1350 2363 1503 2451 Ineptum
1511 2421 1529 2455 r

454 2493 504 2548 est
518 2481 609 2560 illud,
624 2481 668 2546 iii
684 2480 745 2545 44:
771 2481 885 2547 Cadmi
899 2504 1032 2568 serpens
1042 2493 1134 2549 tanto
1145 2493 1195 2548 est
1209 2505 1356 2570 corpore,
1372 2493 1499 2570 quanto,

455 2603 494 2668 St
516 2611 614 2666 tottam
631 2609 765 2687 spectes,
781 2595 928 2688 gentinus
950 2603 1006 2689 qui
1024 2614 1157 2690 separat
1177 2603 1304 2669 Arctoe.
1349 2601 1451 2681 Male,
1466 2605 1499 2668 ii.

368 2735 373 2748 ”
455 2722 531 2801 825,
546 2721 681 2786 mutatio
695 2720 836 2786 mulieris
850 2721 884 2785 in
898 2745 1012 2787 saxum
1026 2743 1100 2789 cum
1114 2745 1241 2800 cancro,
1256 2724 1401 2810 corporis
1418 2723 1502 2788 malo

455 2840 520 2904 late
547 2843 702 2924 serpente,
727 2849 951 2924 comparatum
981 2861 1042 2906 nec
1067 2841 1163 2920 bene,
1187 2842 1228 2906 vi.
1253 2841 1307 2919 48,
1337 2839 1501 2907 Arachnae
1642 2833 1645 2841 ’

455 2960 567 3036 rubor,
578 2954 719 3023 'vicissim
733 2979 893 3043 apperens
908 2969 942 3024 et
958 2980 1164 3036 evanescens,
1178 2981 1252 3024 eum
1267 2981 1342 3024 aere
1355 2961 1416 3026 sub
1430 2958 1502 3023 Au·

451 3057 538 3143 rorae
552 3088 658 3142 ortum
669 3078 934 3162 purpurea-ix.
950 3078 1022 3154 170,
1035 3076 1188 3144 Herctdis
1203 3099 1299 3143 cruor
1311 3077 1431 3155 undu,
1446 3099 1503 3142 ceu

454 3198 573 3262 lamina
595 3193 732 3262 eandm
756 3197 873 3262 Tincta
890 3199 973 3262 lacu.
1018 3197 1169 3275 Temere,
1185 3195 1226 3261 iv.
1242 3195 1374 3273 362-67,
1396 3193 1510 3260 simili-¹

455 3316 586 3382 tudines
601 3313 774 3380 cumulavit
796 3327 831 3381 et
850 3317 919 3382 sine
936 3314 1066 3382 delectu
1084 3281 1204 3402 pordit·
1250 3313 1341 3380 idem
1355 3312 1504 3398 judican-

456 3435 534 3500 dum
553 3445 604 3498 est
620 3434 843 3500 de'eententiie
862 3435 1003 3512 incertis,
1023 3453 1161 3519 quarum
1180 3430 1252 3498 alite
1271 3429 1411 3516 plecent,
1432 3431 1503 3496 alite

455 3551 676 3638 improbandae
692 3561 778 3616 sunt.
816 3550 917 3629 Vere,
931 3551 964 3615 ii.
981 3551 1056 3630 447,
1071 3560 1191 3629 monet,
1206 3550 1296 3627 Heu,
1312 3571 1407 3635 quam
1420 3549 1503 3635 diffi-

456 3673 517 3738 eile
530 3681 588 3749 eet,
604 3671 1059 3756 crimennonproderemdtu!
1076 3669 1165 3737 Vere
1182 3670 1290 3747 etiam,
1298 3668 1412 3733 iret:
1431 3667 1504 3740 Qua

455 3791 561 3878 magis
582 3790 711 3876 tegitur,
734 3797 834 3852 tectus
857 3788 963 3875 magis
984 3797 1100 3853 vertunt
1115 3788 1213 3876 ignis,
1237 3809 1352 3872 nempe
1374 3785 1501 3853 amoris.

458 3909 554 3993 Saepe
579 3907 684 3992 repeti
708 3906 864 3986 videmus,
885 3917 923 3971 ut
945 3907 1155 3985 verissimum,
1176 3929 1218 3972 ex
1238 3905 1292 3970 vii.
1314 3906 1375 3970 el:
1407 3903 1504 3968 Video

456 4025 588 4090 meliora
594 4025 780 4112 proboque,·
801 4023 977 4090 Deteriora
990 4047 1115 4110 sequor.
1150 4023 1279 4090 Graecis
1293 4023 1403 4099 debet,
1417 4041 1503 4106 quoe,
1627 4027 1633 4040 '

457 4145 501 4209 iii.
519 4145 592 4221 135,
608 4144 649 4209 ad
665 4138 823 4209 Cadmum
837 4141 1009 4221 transtulit,
1026 4142 1160 4220 scilicet,
1175 4141 1285 4208 mim
1298 4161 1422 4226 senper
1432 4129 1506 4204 Ee·

456 4263 631 4350 apectmda
651 4262 721 4326 dies
742 4262 869 4339 homini,
889 4262 1015 4347 diciqtoe
1036 4263 1148 4327 mutue
1166 4259 1252 4325 Ante
1276 4259 1394 4325 obitam
1416 4277 1504 4321 aeuo

457 4403 666 4468 supremaque
668 4379 793 4466 scetem
806 4381 907 4446 debet.
1222 4403 1226 4412 ·

502 4499 744 4564 Annchronismi
759 4521 793 4563 se
808 4521 895 4584 soepe
909 4521 999 4566 reum
1014 4499 1106 4566 lecit:
1129 4501 1151 4564 i.
1167 4501 1243 4578 218,
1259 4498 1405 4563 Arcades
1420 4516 1506 4561 com·

459 4627 686 4694 memorantur,
697 4617 752 4701 qui
765 4615 867 4682 serius
882 4617 923 4682 ab
939 4615 1070 4683 Arcade
1081 4639 1198 4682 nomen
1212 4595 1380 4694 invenere,
1395 4615 1416 4678 i.
1429 4612 1504 4690 373,
