3552 5984
391 789 459 854 na
482 788 647 856 orans
670 788 1162 857 Mnrnmonrnosuon.
1211 761 1299 857 xxiv

250 970 377 1038 natura,
405 971 453 1039 ut,
480 963 538 1028 ubi
566 963 737 1028 scribendo
765 962 978 1040 incaluerunt,
1004 963 1089 1030 illico
1118 987 1227 1030 omnes
1252 967 1300 1030 rei

249 1079 429 1144 tractandae
454 1093 575 1166 partes,
597 1105 708 1148 earum
729 1106 849 1150 nexum
874 1085 1112 1170 verborumque
1135 1084 1300 1151 involucra

248 1199 386 1264 maxime
405 1200 524 1266 idonea
537 1200 709 1267 clarissime
721 1202 928 1288 perspiciant.
974 1201 1062 1268 Hine
1074 1201 1129 1268 illa
1131 1203 1297 1288 facilitas,

246 1339 321 1401 quae
334 1318 469 1384 mirifice
484 1321 603 1406 scripta
620 1322 833 1399 commendat,
848 1321 966 1406 quibus
981 1320 1154 1387 oblectatio
1168 1321 1297 1406 potissi-

248 1457 336 1502 mum
358 1439 530 1522 queritur:
556 1441 703 1506 eamdem
724 1452 758 1505 et
781 1451 967 1526 pertotum
993 1439 1191 1506 Ouidianum
1215 1461 1297 1525 opus

249 1552 385 1620 effusam
404 1556 565 1636 videmus3
592 1560 628 1624 in
656 1558 778 1624 nullum
803 1561 889 1626 enim
909 1560 1080 1625 incidimus
1100 1558 1217 1636 locum,
1240 1559 1296 1644 qui

250 1673 382 1752 ultum,
397 1686 436 1739 ut
452 1676 498 1740 ita
519 1676 634 1755 dicam,
650 1678 781 1742 nitentis
795 1678 931 1756 habeat3
955 1676 1013 1743 sed
1028 1678 1135 1742 omnia
1149 1688 1297 1762 apparet,

250 1795 436 1873 sententias,
451 1797 561 1873 verba,
577 1797 732 1882 imagines
746 1808 783 1862 et'
796 1797 921 1884 reliqua
934 1807 1132 1873 ornamenta,
1144 1807 1297 1881 tanquam

249 1915 451 2000 apparitores
466 1917 697 2000 paratissimos,
711 1916 865 1981 scribenti
881 1927 1003 2004 praesto
1016 1915 1126 1980 fuisse.
1172 1913 1297 1979 Verum

249 2031 310 2098 tale
325 2034 448 2120 ingenii
461 2035 581 2101 flumen
591 2035 785 2101 lutulentum
793 2035 954 2100 interdum
965 2035 1118 2110 decurrit,
1130 2045 1297 2119 sortesque

249 2152 417 2218 nonnullas
440 2175 549 2220 secum
567 2155 667 2232 vehit,
686 2177 767 2241 quas
786 2177 864 2222 cura
887 2152 1029 2219 secunda
1049 2152 1162 2218 tollere
1185 2152 1295 2217 debet.

248 2271 370 2338 Nostro
390 2285 575 2359 autemper
596 2273 664 2338 fata
680 2295 745 2338 non
766 2273 859 2339 licuit
875 2283 1062 2349 retractare,
1077 2294 1152 2357 quae
1173 2271 1296 2355 primus

248 2391 366 2478 ingenii
384 2393 525 2479 impetus
540 2394 686 2472 fuderat3
709 2392 793 2458 forte
807 2402 843 2459 et
857 2393 891 2456 in
905 2391 1098 2476 quibusdam
1114 2389 1297 2475 corrigendi

248 2509 394 2576 voluntas
416 2511 590 2577 defuisset:
616 2512 725 2596 itaque
747 2511 802 2575 hic
824 2509 890 2574 illic
914 2497 1103 2590 occurrunt,
1124 2531 1198 2594 quae
1224 2509 1295 2593 quis
1393 2531 1395 2538 ·

222 2602 223 2611 ἵ
247 2629 374 2697 sublata
388 2642 445 2697 aut
458 2631 628 2697 emendata
643 2629 729 2696 velit.
768 2630 869 2694 Insita
882 2631 913 2694 ei
932 2627 1030 2714 porro
1050 2639 1120 2694 erat
1133 2629 1234 2692 virtus
1249 2627 1297 2692 in·

246 2754 332 2838 genii
355 2775 406 2830 ea,
426 2775 500 2838 quoe
521 2764 672 2818 externas
696 2751 898 2836 potissimum
923 2771 1030 2813 rerum
1055 2747 1173 2812 formas
1193 2747 1296 2847 consi·

247 2871 350 2950 derat,
366 2873 547 2957 acriterque
563 2871 671 2947 sentit,
681 2870 715 2934 in
728 2870 767 2933 iis
781 2868 896 2943 haeret,
909 2890 982 2952 quae
997 2877 1090 2953 grata
1101 2875 1177 2930 sunt
1190 2865 1295 2931 animo

247 3005 301 3057 aut
315 2993 454 3077 ingrata,
470 2991 651 3076 phantasiae
666 3012 728 3075 ope
743 2989 869 3063 nititur,
884 2988 1020 3072 ejusque
1035 3009 1054 3052 e
1069 3007 1157 3071 penu
1171 2983 1295 3051 colores

246 3112 339 3196 petit,
367 3113 487 3197 quibus
515 3134 583 3177 rem
611 3111 810 3196 propositam
834 3106 1000 3172 illuminet.
1049 3105 1133 3190 Ejus
1156 3104 1294 3180 virtutis,

245 3253 342 3316 quarn
356 3231 473 3296 Nostri
491 3233 552 3296 den
572 3231 656 3295 Wits
669 3243 799 3306 vocant,
815 3225 971 3312 exemplis
989 3227 1134 3292 abundat
1149 3225 1212 3290 hoc
1226 3247 1295 3291 car·
1332 3223 1336 3238 ⁸

244 3372 336 3428 men3
359 3351 402 3415 ab
424 3372 527 3436 eaque
546 3351 621 3436 ejus
651 3361 765 3415 auctor
792 3348 969 3413 eminenter
993 3345 1174 3433 ingeniosus
1197 3355 1296 3430 poeta

244 3481 388 3534 vocatur.
434 3469 538 3534 Modo
553 3491 616 3534 non
631 3470 833 3556 argutiarum
847 3469 999 3543 studium,
1011 3467 1187 3530 acuminum
1200 3487 1295 3530 vena·

244 3589 291 3652 tio
308 3598 343 3652 et
360 3588 544 3674 petulanius
566 3588 715 3672 quaedam
740 3588 836 3652 animi
861 3610 935 3652 eum
961 3587 1080 3672 passim
1105 3586 1295 3650 avertissent

245 3707 287 3772 ab
301 3729 352 3784 eo,
362 3705 452 3792 quod
463 3718 586 3772 rectum
600 3715 651 3770 est
661 3718 695 3770 et
705 3727 825 3769 verum.
861 3703 937 3768 Illas
949 3703 1188 3789 autemingenii
1200 3703 1294 3768 dotes

245 3825 401 3890 doctrinae
421 3822 562 3890 liberalis
582 3823 703 3909 pabulo
722 3823 858 3900 aluerat,
873 3822 1010 3889 lectione
1025 3834 1193 3888 auctorum
1211 3845 1295 3908 prae·

244 3943 522 4019 stantissimonrm,
546 3953 713 4028 poetarum
739 3944 772 4008 in
798 3943 920 4028 prinus,
949 3940 1235 4008 declamationibus
1260 3944 1294 4007 in

245 4062 363 4128 scholis
377 4063 556 4139 rhetorum,
570 4073 669 4147 atque
684 4063 907 4128 observatione
925 4085 1049 4126 morum
1064 4073 1097 4126 et
1114 4061 1295 4127 studiorum

243 4155 468 4246 humanorum.
514 4179 627 4266 Itaque
648 4180 783 4246 scientia
796 4181 926 4265 vigebat
942 4179 1131 4246 elocutionis
1145 4182 1293 4266 poeticae,

244 4298 457 4384 antiquitatis,
478 4300 574 4364 animi
597 4299 741 4377 humani,
763 4323 938 4386 earumque
961 4321 1080 4377 rerum,
1097 4300 1216 4385 quibus
1239 4298 1293 4364 ille

243 4417 471 4503 persuadetur,
487 4418 677 4496 delectatur,
688 4432 845 4484 moretur.
890 4419 945 4484 Sic
959 4441 1039 4506 ergo
1054 4431 1087 4484 et
1101 4429 1247 4484 ananus
1259 4429 1293 4484 et

243 4545 360 4622 suopte
376 4537 484 4602 studio
499 4536 655 4602 fomratus
674 4537 808 4602 accessit
824 4537 868 4601 ad
885 4559 969 4622 opus
984 4534 1292 4620 Metamorphoseon

243 4655 458 4721 condendum.
