3518 6008
408 771 877 844 uurnuoufflosuott
901 775 991 842 ΠΒ.
1017 777 1079 842 Vl.
1194 781 1261 846 403

218 945 375 1024 Siderea
393 947 536 1024 siccata
552 946 655 1022 sitim
673 950 828 1048 collegit
845 952 893 1026 ab
911 962 1028 1042 aestu;

220 1063 425 1163 Uberaque
443 1067 641 1142 ebiberant
658 1068 757 1142 avidi
776 1068 954 1144 lactantia
971 1069 1062 1144 nuti.

218 1180 331 1256 Forte
349 1183 473 1256 lacum
492 1183 657 1258 melioris
672 1209 781 1283 aquae
799 1187 994 1285 prospexit
1011 1187 1049 1260 in
1067 1187 1152 1261 imis

216 1297 409 1374 Vallibus:
438 1313 606 1398 agrestes
626 1301 702 1374 illic
720 1301 902 1377 fruticosa
918 1304 1100 1398 legebant

217 1415 369 1492 Vimine
384 1441 472 1492 cum
486 1419 626 1516 juncis,
646 1421 870 1518 gratamque
885 1421 1087 1520 paludibus
1104 1421 1242 1498 ulvam.

217 1531 403 1621 Accessit,
423 1536 625 1633 positoque
636 1560 743 1632 genu
761 1535 911 1611 Titania
924 1547 1061 1611 terram
1196 1543 1272 1614 346

217 1649 377 1738 Pressit,
397 1660 440 1724 ut
457 1651 625 1728 hauriret
641 1653 787 1750 gelidos
807 1665 943 1754 potura
959 1653 1138 1752 liquorea

221 1763 381 1842 Rustica
397 1769 507 1844 turba
523 1781 663 1844 vetant.
706 1771 791 1846 Dee
807 1773 861 1846 sic
880 1771 994 1846 affata
1009 1781 1202 1846 vetantes:

220 1889 231 1920 ‘
251 1881 353 1968 Quid
363 1885 570 1983 prohibetis
588 1888 720 1985 aquis?
739 1914 830 1964 usus
841 1889 1052 1964 communis
1063 1912 1269 1986 aquarum:

221 1999 304 2076 Nec
323 2004 440 2078 solem
459 2005 651 2103 proprium
671 2006 829 2104 Natura,
846 2015 1025 2084 nec'aera
1041 2004 1144 2092 fecit,
1196 2009 1273 2080 350

220 2117 303 2194 Nec
315 2130 449 2196 tenues
468 2123 612 2198 undas:
637 2124 686 2198 ad
703 2124 856 2224 publica
871 2146 1030 2198 munera
1046 2121 1153 2210 veni;
1175 2122 1271 2218 [tros

218 2233 314 2321 Quae
331 2245 471 2324 tamen,
490 2248 533 2312 ut
549 2238 663 2326 detis,
682 2241 843 2340 supplex
861 2249 973 2340 peto:
1002 2263 1078 2312 non
1095 2262 1166 2335 ego
1183 2261 1270 2312 nos·

220 2351 386 2428 Abluere
404 2353 465 2427 hic
484 2364 599 2443 artuS,
619 2357 836 2454 lassataque
853 2356 1023 2450 membra
1040 2355 1233 2454 parabam,

220 2469 298 2545 Sed
315 2472 481 2546 relevare
498 2473 621 2549 sitim:
649 2485 754 2550 caret
766 2499 811 2548 os
828 2474 984 2548 humore
1001 2473 1205 2571 loquentis,

220 2585 272 2660 Et
288 2586 417 2662 fauces
435 2598 564 2678 arent3
584 2591 724 2688 vixque
742 2602 801 2664 est
818 2590 879 2664 ria
894 2590 996 2664 vocis
1014 2590 1053 2662 in
1069 2588 1165 2678 illis;
1195 2593 1269 2663 355

220 2700 393 2778 Haustus
410 2727 519 2802 aquae
537 2704 628 2778 mibi
647 2707 777 2780 nectar
794 2706 885 2796 erit;
916 2705 1109 2804 vitamque
1126 2704 1273 2780 fatebor

220 2817 428 2919 Accepisse
445 2820 578 2912 simul;
606 2823 723 2897 vitam
740 2821 919 2897 dederitis
937 2820 976 2896 in
994 2822 1107 2912 unda.

252 3020 392 3070 ³⁴³.qu
402 3023 558 3086 lacunela]
578 3023 652 3088 Apud
668 3025 720 3073 An·
772 3022 900 3088 cujuslibet
920 3022 1008 3072 mentio
1028 3021 1092 3070 laeta
1111 3022 1164 3070 luit.
1199 3022 1271 3072 Porro

220 3095 327 3144 uenum
336 3097 400 3145 venit
411 3096 442 3145 ad
451 3097 561 3146 Melitam
574 3097 652 3164 (apud
663 3100 721 3147 Pro·
772 3096 895 3163 epitheton
906 3099 1023 3146 mediocria
1034 3095 1140 3160 apprime
1155 3093 1273 3144 consentit

220 3168 287 3226 bom,
315 3169 346 3218 atl
374 3169 479 3226 Melam)
499 3171 601 3236 sontem,
622 3173 721 3236 ejusque
772 3169 1272 3236 cumaeqnentibuoveraibna,³63et³6⁴:

220 3257 284 3307 aqua
295 3242 330 3292 nti
341 3245 393 3294 vult
408 3243 439 3293 ad
454 3245 586 3294 abluendos
601 3243 723 3307 infantem
772 3243 859 3293 dicitur
870 3243 933 3292 enim
944 3243 1036 3292 incolae
1045 3245 1180 3306 mboque
1190 3261 1272 3292 mm

220 3317 264 3366 sed
288 3317 409 3382 prohibita
435 3335 451 3368 a
476 3319 596 3378 bubulcis,
618 3319 723 3370 infantes
772 3319 950 3383 quetorbooiroe
966 3319 1156 3380 lacuairnopuee
1170 3321 1273 3382 gurgite,

220 3399 301 3456 portu
318 3392 349 3440 ad
366 3393 489 3443 Xanthum
504 3394 611 3451 fluvium,
625 3404 650 3443 et
665 3395 722 3444 inde
771 3401 818 3443 etc.
828 3402 853 3442 et
863 3391 900 3440 bis
907 3391 984 3442 verbis
993 3389 1098 3439 innuitur
1109 3391 1188 3440 lacum
1200 3391 1270 3442 luisse

222 3479 317 3515 terena
331 3475 436 3528 pastores
447 3468 527 3534 lapide
538 3483 661 3535 percuasm
671 3483 721 3518 ntu-
771 3471 913 3518 manen.
926 3469 981 3518 Jtrn
997 3465 1100 3516 diximus
1111 3466 1203 3516 lleinsii
1215 3483 1272 3516 cona

220 3547 258 3588 tat
278 3539 303 3588 in
319 3555 401 3590 ranas.⁴
430 3543 477 3592 aad
495 3543 607 3608 majorem
626 3543 723 3592 commi·
768 3541 869 3608 jectuua
885 3557 948 3608 sepe
959 3537 1094 3589 infelicibus
1105 3547 1199 3602 textum
1210 3539 1270 3596 osi-

222 3615 364 3664 aerationem
388 3617 469 3667 Ovidii
494 3618 633 3683 figmentum
655 3617 722 3667 lacit.
772 3616 869 3666 dianam
881 3615 953 3664 tuisne
963 3615 1110 3662 subversum.

223 3689 337 3745 Meliora,
354 3705 401 3738 non
417 3690 481 3740 male
498 3705 524 3740 se
543 3690 632 3752 babet;
649 3707 723 3756 quum
806 3691 863 3740 348.
875 3690 974 3738 Eturbo
984 3697 1074 3737 utente
1089 3703 1103 3735 a
1117 3688 1195 3736 Probo
1206 3703 1271 3736 cora-

220 3763 286 3812 anirn
303 3765 372 3813 laena
383 3764 501 3814 turbidam
516 3767 565 3816 fere
576 3781 664 3830 aquam
681 3765 723 3814 lta·
772 3774 914 3814 memoratur
926 3761 1028 3812 Neocles
1038 3771 1125 3826 pastor.

221 3837 360 3894 beant,non
375 3847 463 3888 umere
480 3847 595 3896 monetur,
607 3841 723 3888 Latonam
805 3840 863 3888 349.
882 3838 946 3892 Quid
961 3838 1089 3900 probiltetr't,
1108 3836 1168 3898 eta]
1187 3837 1272 3886 Oratio

222 3913 341 3960 ambone
356 3927 420 3978 aqua
433 3913 626 3962 invitatamesae
643 3911 674 3961 ad
687 3912 723 3962 bi·
773 3913 839 3962 fortia
861 3911 892 3961 ad
919 3909 1109 3978 persuadendum
1130 3920 1155 3959 et
1176 3925 1273 3960 moven-

221 3983 339 4036 beorlnm.
373 3987 404 4036 Et
423 3989 503 4037 mutor
524 3995 588 4037 certo
614 3995 723 4054 respectu
773 3985 839 4035 dum.
873 3987 1002 4034 mutonis
1020 4000 1092 4043 uram·
1109 3983 1169 4032 libro
1179 3984 1197 4032 i.
1212 3987 1273 4034 tao:

220 4059 309 4125 legitur
319 4059 390 4110 etiam
401 4061 418 4110 i.
430 4063 470 4110 79.
482 4061 633 4111 Burmannus
647 4069 723 4127 putat,
775 4062 1044 4110 Communem—tomum
1055 4062 1122 4126 longo
1131 4062 1232 4126 εἱριαυίι
1243 4063 1272 4110 li·

222 4135 368 4185 metiente
390 4135 501 4202 verheyk
529 4137 560 4186 ad
581 4137 672 4186 Anton.
697 4137 723 4185 in
772 4138 827 4184 reite
844 4150 938 4183 meum.
980 4135 1057 4184 Paulo
1078 4143 1139 4200 poet,
1160 4135 1186 4183 in
1203 4151 1272 4185 verau

222 4211 322 4258 uberis
339 4209 414 4259 latere
433 4225 519 4260 nomen
537 4212 643 4260 Meliten.
675 4211 723 4260 Co·
773 4210 885 4275 ³5³,pro
895 4209 1155 4266 casanatensis
1169 4210 1270 4276 prera.

221 4282 374 4334 ‹liceamtri
389 4283 478 4334 habent
495 4288 620 4334 mediocrit-
647 4285 723 4334 llein·
774 4284 811 4332 lit.
828 4283 936 4332 Norimb.
954 4284 1055 4349 conject.
1071 4295 1143 4340 mter,
1161 4285 1218 4349 quia
1234 4301 1271 4334 te·

222 4355 297 4407 aiano
317 4359 461 4424 conjectura
480 4369 506 4408 et
522 4360 561 4409 Cl.
577 4360 660 4424 Gietig
673 4359 725 4425 opi·
775 4357 950 4424 quitorlouoto
963 4361 1069 4406 umbro·
1102 4359 1142 4407 lta
1157 4359 1272 4426 respexis-

222 4433 288 4481 nionl
320 4433 436 4499 tantisper
461 4433 640 4483 adbareunus:
666 4433 724 4500 quid
773 4442 810 4482 ret
828 4441 899 4499 poeta
916 4443 1023 4482 auctores
1038 4431 1092 4482 illos
1108 4433 1195 4482 fabule
1212 4449 1272 4498 quoe

220 4505 341 4571 significat
367 4507 489 4574 epitheton
509 4509 628 4557 melioria?
651 4507 723 4572 qnod,
773 4508 887 4560 deremit.
924 4507 1006 4571 Vtapu
1027 4515 1060 4556 ert
1080 4511 1136 4566 νίας
1161 4508 1200 4556 vix
1221 4523 1270 4574 pra

221 4593 297 4644 quum
309 4581 508 4646 comparationem
519 4581 617 4641 indicet,
631 4581 663 4630 ibi
679 4583 722 4630 mi·
773 4582 880 4632 aicmtate
891 4597 936 4630 voa
948 4591 1062 4648 permeat·

220 4653 567 4722 ntueeonvenirepotutmoi
578 4657 723 4721 nullaeque
807 4657 864 4708 att.
894 4658 1024 4716 Doctorum
1052 4656 1076 4705 in
1096 4655 1141 4705 hoc
1157 4658 1272 4708 vocabulo
