3494 6010
452 829 923 900 Mmfflonpnosteort
947 829 1039 898 ΗΒ.
1055 829 1119 898 VI.
1233 835 1300 904 888

253 1006 368 1093 Quod
376 991 546 1108 pretium
563 1015 691 1107 speret
706 1029 776 1106 pro
793 1016 872 1080 tam
890 1005 1085 1082 furialibus
1103 1007 1216 1098 ausis,

253 1123 441 1210 Quattuor
459 1124 497 1198 in
515 1133 642 1224 partes
659 1123 871 1222 certamina
882 1133 1063 1222 quattuor
1081 1124 1185 1200 addit
1251 1131 1300 1202 85

255 1239 369 1314 Clara
384 1240 509 1316 colore
527 1265 608 1328 suo,
627 1239 803 1314 brevibus
820 1239 1000 1316 distincta
1013 1241 1158 1337 sigillis.
1181 1243 1299 1338 [mom
1383 1319 1387 1333 .

253 1355 465 1432 Threiciam
483 1347 698 1456 Rhodopen*
714 1355 830 1428 habet
847 1355 1005 1452 angulus
1023 1381 1134 1446 unus,
1154 1368 1193 1433 et
1212 1357 1300 1434 Hae·

255 1470 367 1547 Nunc
385 1472 529 1570 gelidos
545 1481 706 1558 montes,
724 1471 897 1545 mortalia
913 1495 1070 1570 corpora
1087 1474 1297 1573 quondam3

253 1587 420 1662 Nomina
436 1612 667 1668 summorum
686 1585 758 1661 sibi
776 1589 842 1686 qui
860 1587 1025 1664 tribuere
1044 1577 1223 1666 Deorum.

253 1704 385 1812 Altera
404 1704 594 1805 Pygmaeae
611 1705 729 1780 latum
747 1705 960 1781 miserabile
977 1707 1107 1782 matris
1251 1714 1301 1784 90

253 1819 347 1896 Pars
367 1823 503 1898 habet:
532 1823 629 1898 hanc
647 1821 671 1896 J
674 1847 749 1896 uno
767 1822 906 1898 victam
924 1823 1128 1899 certamine
1142 1825 1258 1923 jussit

253 1935 350 2012 Esse
369 1962 521 2036 gruem;
550 1939 778 2040 populisque
797 1939 875 2013 suis
893 1939 1060 2016 indicere
1078 1940 1232 2016 bellum.
1289 1987 1293 2002 ·

253 2051 385 2152 Pingit
402 2064 442 2129 et
453 2055 698 2152 Antigonam,
714 2075 845 2131 ausam
862 2057 1091 2135 contendere
1109 2058 1300 2157 quondam

253 2169 354 2245 Cum
372 2173 499 2269 magni
516 2181 691 2246 consorte
708 2170 732 2245 J
734 2172 834 2262 ovis;
865 2197 981 2271 quam
998 2160 1102 2271 regia
1118 2173 1142 2248 J
1144 2198 1219 2248 uno

254 2283 300 2360 In
317 2288 507 2364 volucrem
524 2274 657 2364 vertit:
687 2313 757 2364 uec
777 2289 915 2388 profuit
934 2289 1031 2364 llion
1050 2291 1116 2377 illi,
1251 2297 1299 2368 95

253 2401 516 2479 Laomedonve
533 2414 652 2503 pater,
672 2405 833 2503 sumptis
852 2405 945 2503 quin
961 2406 1125 2480 candida
1140 2409 1274 2506 pennis

254 2515 346 2618 Ipsa
363 2521 435 2594 sibi
454 2520 609 2620 plaudat
626 2521 836 2620 crepitante
853 2522 999 2597 ciconia
1015 2534 1148 2597 rostro.

253 2634 327 2721 Qut
348 2649 521 2736 superest
539 2637 641 2712 solus
655 2638 825 2738 Cinyran
840 2639 956 2714 habet
973 2640 1133 2738 angulus
1146 2639 1297 2718 orbum:

255 2751 372 2852 Isque
390 2755 528 2852 gradus
547 2755 692 2854 templi,
712 2768 885 2830 natarum
903 2756 1072 2830 membra
1089 2778 1254 2846 suarum,

284 2987 325 3036 84.
342 2987 456 3046 Pretium,
475 2989 618 3047 mercedem,
638 3003 751 3056 poenem3
800 2988 936 3040 Libenxvi.
945 2987 1097 3055 repetierunt.
1114 2991 1209 3058 Nempe
1216 2993 1300 3052 OEuoe,

252 3074 309 3110 uam
324 3061 395 3126 juxta
412 3062 556 3113 callimach.
574 3063 598 3113 lt.
611 3063 694 3130 Apoll.
708 3066 750 3114 25.
800 3061 1028 3129 quartanarum
1038 3063 1136 3114 Homer.
1143 3063 1174 3112 ll.
1184 3069 1219 3114 Ψ.
1229 3067 1301 3117 1444.

249 3136 328 3186 raeda
345 3136 497 3203 puadpem
513 3136 609 3204 ἔρι’ζειν.
647 3139 752 3202 Spuma,
800 3137 914 3186 Geranea
928 3135 1062 3195 vooat‚luit
1077 3135 1160 3202 regina
1172 3137 1299 3204 Pygmae-

251 3218 279 3259 ut
299 3210 416 3271 ἐλπίζειν,
437 3211 511 3262 etiam
536 3211 566 3264 de
586 3212 751 3279 expectatione
801 3227 862 3270 rum,
883 3227 964 3277 qaam,
983 3226 1057 3276 qaum
1078 3227 1104 3260 ae
1124 3212 1315 3278 pulchitudine

251 3284 324 3334 meli:
353 3285 408 3336 vide
430 3285 556 3338 lleiurium
575 3286 607 3337 ed
628 3285 670 3336 vii.
691 3295 751 3338 extr.
800 3286 901 3336 Deabus
909 3285 1300 3354 anteferretluuoiugmanver·

253 3359 385 3410 cummim
405 3361 449 3411 illa
467 3361 589 3411 hominum
606 3369 674 3412 eram
695 3378 751 3412 cum
800 3361 838 3412 tit.
871 3361 949 3411 Grues
958 3369 1039 3411 autem
1049 3360 1301 3414 multitudinemaiu·

250 3434 305 3484 Diis
321 3451 347 3484 ee
364 3435 562 3502 comparantium.
598 3437 678 3494 Clara,
691 3436 750 3486 emi-
799 3435 994 3501 vieml’ygrnreie.
1019 3435 1180 3486 ludetettan.

249 3508 339 3566 nentia,
356 3525 405 3575 quo
419 3509 513 3558 facilius
529 3509 652 3560 mune
669 3509 751 3560 oeulos
832 3511 873 3560 98.
899 3511 1023 3576 Antigone,
1043 3509 1218 3570 laomedontis,
1238 3512 1300 3578 regis

249 3581 320 3632 inse
336 3583 495 3634 adverterem.
534 3584 627 3650 sigilla,
643 3583 750 3649 imagun-
798 3583 903 3650 Trojaui‚
922 3583 979 3642 filia,
997 3583 1028 3633 ob
1049 3599 1141 3634 comam
1161 3586 1300 3651 promissam

250 3656 420 3723 rulmquibua
432 3660 550 3716 durium,
564 3657 692 3724 variegata,
708 3659 751 3710 ille
800 3671 855 3705 cum
875 3658 969 3709 Junone
989 3674 1015 3707 ae
1035 3673 1170 3724 comparare
1190 3675 1257 3717 ausa,
1275 3669 1300 3712 et

204 3771 208 3782 .
250 3731 389 3782 camarina.
466 3771 470 3780 .
800 3739 893 3781 mutata
908 3731 934 3780 iu
948 3730 1074 3782 ciconiam.
1092 3732 1254 3784 VidServiua
1268 3734 1300 3785 ed

283 3807 326 3854 87.
354 3805 448 3855 Herm
474 3813 500 3854 et
525 3805 640 3868 Rhodopa,
661 3813 751 3854 mantea
800 3804 937 3870 Virgilium,
948 3805 1035 3871 Georg.
1045 3805 1072 3856 ii.
1084 3807 1143 3856 ³20.
1177 3807 1231 3858 Non
1245 3825 1299 3871 pro-

249 3878 367 3937 Thraain,
378 3879 435 3928 olim
446 3878 539 3928 sueram
553 3878 660 3929 homines
670 3893 700 3928 ex
710 3878 750 3928 iir-
791 3879 848 3944 fair
857 3897 900 3930 eeu
911 3881 1033 3946 brigesmt
1044 3882 1091 3937 tta,
1102 3897 1146 3930 vox
1156 3881 1258 3934 auleunh
1267 3883 1299 3936 de

250 3953 305 4004 dem
317 3953 456 4021 pareatibus
466 3953 533 4003 editi.
566 3953 598 4004 lli
614 3970 687 4020 quum
697 3969 749 4004 tun·
799 3953 837 4011 iis,
858 3952 908 4020 qui,
930 3969 1068 4020 quanquam
1092 3969 1177 4018 genere
1198 3959 1299 4010 rebmve

250 4035 291 4078 tuo
301 4027 363 4078 iuter
375 4043 401 4078 ee
417 4043 496 4080 amore
507 4027 640 4092 flagrarent,
653 4027 750 4077 Hamus
799 4028 872 4092 gestis
881 4028 950 4087 clari,
962 4029 1298 4095 memoratissimum.

249 4119 350 4154 mmmm
361 4103 493 4170 appellarit
508 4103 637 4159 Juuouem,
650 4101 693 4152 illa
703 4101 750 4152 tra·
801 4103 944 4166 Crepitante.
977 4103 1088 4169 crepitus
1114 4103 1212 4156 ciconia
1238 4108 1298 4158 bene

250 4185 310 4228 nem
327 4179 421 4229 Jorem.
454 4177 484 4226 Id
505 4177 692 4242 aegreferentes
707 4176 750 4227 Dii
799 4175 887 4226 tabule
897 4176 1098 4228 accommodatus.

249 4251 331 4302 ambos
342 4251 638 4302 mutareruntinmontee.
831 4251 872 4300 98.
890 4249 1297 4317 Cinyrantrdereaiunttegemds·

282 4327 323 4377 90.
339 4327 379 4378 De
401 4328 570 4394 Pygmaeomm,
593 4324 748 4376 homunculo·
799 4323 924 4390 syriorum,
935 4325 1082 4391 cujuafilias,
1092 4326 1182 4377 Juuoui
1194 4343 1221 4378 ae
1236 4345 1297 4394 prte-

249 4415 301 4450 rum
316 4401 515 4458 brevissimarum,
525 4400 595 4450 bellis
610 4417 665 4450 cum
681 4403 749 4466 grui·
799 4397 859 4448 lene
869 4414 948 4457 aneas,
959 4398 1014 4448 Dea
1024 4399 1050 4447 in
1064 4403 1153 4465 gradm
1168 4402 1245 4463 tempti
1260 4403 1298 4452 sui

249 4477 298 4533 lae,
310 4474 359 4526 vid.
370 4475 463 4533 Strabo,
475 4475 492 4524 i.
502 4492 527 4541 p.
537 4476 577 4525 60.
589 4477 652 4525 Fons
661 4474 748 4524 sabula
798 4473 986 4524 commutaverit.
1011 4473 1074 4524 Vide
1094 4475 1254 4533 Lactantium,
1271 4475 1298 4526 iu

246 4557 283 4600 est
301 4549 397 4600 Homer.
414 4549 445 4600 11.
462 4555 490 4600 Γ.
507 4551 531 4599 6.
555 4547 679 4615 Copiaaiua
694 4563 747 4598 eam
797 4553 955 4612 Argumenta.
992 4547 1077 4606 Vitari,
1086 4547 1116 4598 de
1127 4547 1245 4614 flgun'rad
1254 4565 1297 4598 na-

234 4634 389 4690 'emeruerat
415 4625 495 4674 Boem
518 4624 543 4674 in
567 4623 748 4688 Omithogonie,
798 4627 856 4670 turre
867 4619 992 4674 veritatem
1008 4621 1125 4687 expressis
1141 4621 1213 4672 etiem
1227 4639 1296 4676 verrit

248 4696 311 4746 uude
321 4711 373 4750 eam
382 4697 473 4748 Athen.
481 4697 513 4746 ix.
524 4714 548 4764 p.
557 4698 613 4746 890.
622 4706 647 4746 et
657 4699 745 4747 Antan.
799 4695 854 4746 105.
