3468 5994
470 761 560 842 :5360
785 761 826 827 P.
849 758 1018 838 ovlnll,
1035 759 1247 831 NASONIS

487 937 616 1016 Dulce
634 936 751 1025 dedit,
767 945 870 1011 tosta
882 937 984 1034 quod
997 946 1153 1010 coxerat
1169 945 1257 1010 ante
1275 936 1441 1034 polenta.
1453 936 1535 1008 eoo

490 1051 593 1126 Dum
610 1053 709 1128 bibit
725 1054 791 1128 ille
807 1054 949 1140 datum,
969 1053 1052 1126 duri
1068 1049 1254 1152 puerssoris
1272 1061 1313 1126 et
1329 1051 1455 1126 audax

491 1169 673 1245 Constitit
686 1181 774 1244 ante
790 1171 932 1260 Deam3
953 1171 1122 1269 risitque,
1139 1170 1363 1268 avidamque
1375 1169 1532 1244 vocavit.

491 1285 649 1360 Offensa
666 1297 745 1377 est;
767 1312 892 1386 neque
908 1289 1031 1362 adhuc
1050 1298 1163 1386 epota
1179 1297 1298 1386 parte,
1317 1287 1532 1384 loquentem

492 1402 592 1476 Cum
609 1403 754 1510 liquido
771 1405 891 1480 mixta
906 1404 1072 1505 perfudit
1090 1404 1188 1479 Diva
1205 1403 1369 1503 polenta.
1461 1405 1531 1476 454

492 1518 686 1594 Combibit
698 1546 740 1595 os
755 1523 941 1610 maculas;
963 1531 1013 1609 et,
1024 1544 1102 1619 qua
1113 1521 1226 1594 modo
1240 1519 1392 1594 brachia
1405 1516 1534 1615 gessit,

491 1635 613 1712 Crura
630 1639 747 1735 gerit:
776 1639 897 1714 cauda
913 1649 973 1713 est
989 1637 1291 1712 mutatisaddita
1306 1635 1507 1721 membris3

489 1752 614 1851 Inque
627 1756 779 1831 brevem
797 1756 966 1843 formam,
986 1780 1034 1830 ne
1050 1755 1172 1829 sitris
1190 1778 1328 1851 magna
1345 1751 1517 1839 nocendi,

490 1869 755 1963 Contrahitur;
776 1897 967 1972 parvaque
984 1871 1105 1946 minor
1119 1893 1294 1945 mensura
1307 1871 1451 1944 lacerta
1464 1877 1530 1942 est.

489 1985 707 2076 Mirantem,
737 1989 982 2088 flentemque,
1013 1999 1053 2065 et
1084 1999 1239 2086 tangere
1271 1997 1440 2062 monstra
1470 2009 1532 2084 pa·

639 2115 784 2180 rantem
1507 2101 1509 2108 ’

490 2218 604 2316 Fugit
621 2223 1027 2321 anum,latebramque
1043 2223 1163 2322 petit;
1179 2216 1530 2321 aptumquecolori

489 2333 640 2412 Nomen
658 2340 784 2428 habet,
802 2340 913 2415 variis
931 2340 1102 2416 stellatus
1120 2335 1423 2438 eorpora'guttiS.
1461 2339 1528 2408 461

539 2451 642 2537 Quas
663 2454 746 2529 Dea
763 2480 831 2553 per
847 2468 978 2544 terras,
998 2468 1037 2531 et
1054 2480 1149 2555 quas
1167 2455 1344 2531 erraverit
1361 2453 1496 2542 undas,

478 2567 627 2644 Dicere
644 2570 757 2668 longa
774 2595 878 2646 mora
895 2582 974 2647 est:
1003 2572 1187 2670 quaerenti
1205 2571 1326 2650 defuit
1341 2569 1457 2644 orbis.

519 2771 576 2821 450.
594 2772 670 2821 Dulce
680 2773 788 2824 absolute
797 2772 909 2839 positum,
920 2782 947 2824 ut
957 2777 987 2824 τὸ
1069 2775 1126 2824 4⁵9.
1143 2774 1251 2824 Monstra
1268 2770 1407 2821 mirabiliter
1427 2769 1535 2836 exprimit

488 2845 567 2911 γλυκὺ
578 2847 678 2896 Gracia.
712 2849 786 2905 Toeto,
797 2863 840 2914 pro
857 2859 924 2906 teme,
933 2865 986 2898 cor·
1036 2856 1151 2898 mutatam
1161 2848 1270 2897 formem.
1289 2849 1375 2910 Aprum
1384 2847 1457 2894 colom
1464 2865 1472 2905 ;
1483 2847 1533 2895 ae-

487 2921 549 2969 rexlt
560 2919 680 2970 Barthiue.
708 2921 805 2971 Polamtu
815 2940 824 2980 ,·
841 2923 872 2971 ab
881 2922 986 2989 Orpheo,

485 2995 512 3044 in
528 2995 655 3060 fragment.
666 3004 764 3045 vocatur
776 2995 876 3055 κυκεὼν,
892 2997 986 3056 cinnue,

486 3071 551 3136 potio
562 3069 670 3120 conlecta
686 3087 700 3119 a
715 3079 777 3120 tonte
791 3070 895 3137 polenta,
906 3071 986 3128 melle,

486 3144 551 3202 vino,
561 3145 665 3203 dodbua,
676 3143 803 3211 herbisque
816 3146 895 3195 variis.
921 3145 985 3196 Vide

485 3220 600 3268 Menker.
615 3218 646 3268 ad
662 3219 771 3270 lactant.
785 3229 917 3284 argument.
934 3221 986 3270 Fia-

486 3292 551 3342 cheri
561 3292 669 3342 Iudicem
678 3311 686 3354 ;
704 3292 899 3358 Theophanem,
910 3293 935 3344 in
944 3313 984 3345 κυ-

485 3366 556 3416 ceolv-
588 3367 678 3416 Arnob.
694 3367 721 3416 d.
731 3367 749 3417 l.
759 3370 847 3433 oggerit
862 3371 985 3430 potionem,

487 3441 598 3498 Cianum.
626 3458 741 3504 cyceonem
768 3459 836 3505 quem
864 3455 986 3504 nuncupet

486 3515 593 3574 Grada,
610 3514 721 3581 idemque
738 3529 752 3564 e
768 3515 892 3564 Clemente
907 3515 984 3574 addit,

484 3587 510 3640 in
528 3589 664 3654 Myrtarum
683 3587 797 3653 symbolie
814 3587 899 3638 luieee:
916 3592 983 3652 ῥᾴω·

483 3666 547 3721 muci,
568 3674 635 3728 utque
652 3665 710 3712 edili
728 3679 853 3726 cyceonem.
893 3663 984 3729 Cyceo·

484 3753 539 3786 nem
555 3738 629 3788 Cerea
639 3738 709 3804 juxta
718 3737 834 3786 Antonin.
846 3736 870 3786 d.
880 3737 898 3787 l.
909 3737 985 3787 ebibit

482 3811 588 3877 ἀθρόως,
606 3811 631 3861 id
647 3820 692 3870 eet,
708 3810 810 3876 ἀμυστὶ,
827 3827 874 3860 uno
890 3812 983 3877 spiritu,

484 3884 600 3950 adeoque.
610 3889 682 3935 acide.
716 3884 788 3942 Puer,
804 3883 866 3934 filiue
882 3885 984 3936 Mixmee

483 3958 613 4008 secuudum
633 3957 791 4008 Nicandrum.
836 3959 931 4008 Durum
952 3977 982 4019 ce,

483 4032 577 4098 aiguum
588 4032 752 4099 impudentiae.

516 4107 574 4157 455.
593 4107 703 4155 Combibit
717 4123 740 4155 oe
752 4109 861 4164 macram,
878 4107 998 4172 mquid·

404 4197 410 4208 ·
482 4178 539 4236 tius,
551 4196 633 4244 quam,
644 4181 751 4236 attraxit,
764 4181 866 4247 accepit.
891 4181 983 4233 Anton.

483 4252 578 4318 ἐγένετο
603 4254 722 4313 ποικίλος.
760 4255 873 4305 Nocemdt.
899 4255 982 4305 Codex

483 4325 575 4391 Regina
592 4327 624 4386 B,
641 4330 755 4391 loquenti,
773 4329 838 4393 quod
856 4330 914 4379 torte
936 4345 983 4378 non

482 4401 645 4466 rejiciendum,
661 4400 726 4466 quia,
744 4411 772 4450 ut
788 4418 818 4451 ex
838 4401 983 4468 loquacitate

481 4474 571 4524 malum
582 4475 684 4532 reditui
695 4475 808 4524 minuitur
818 4475 932 4541 loquendi
941 4494 984 4543 po-

482 4557 570 4606 teetaa,
580 4549 693 4600 minum
708 4564 804 4615 quoque
820 4550 924 4602 facultas
941 4567 983 4601 uo·

484 4621 563 4672 cendi.
802 4651 805 4658 ι

1036 2925 1067 2972 lto
1077 2922 1140 2972 enim
1151 2937 1226 2987 genua
1236 2922 1340 2971 lacertae.
1367 2919 1472 2969 Macula
1483 2935 1534 2984 paa-

1035 2999 1079 3047 eim
1098 3007 1213 3048 vocantur
1231 3006 1314 3062 gutte.
1356 2997 1440 3054 Quum
1458 2993 1535 3043 mallio

1036 3071 1129 3122 Graecia
1152 3069 1298 3134 ἀσκάληβος
1320 3069 1449 3126 diceretur,
1470 3067 1536 3132 (ride

1036 3147 1116 3196 Schol.
1127 3143 1245 3194 Nicandri
1256 3144 1286 3194 ad
1299 3143 1372 3194 Alex.
1380 3142 1454 3205 lau.)
1465 3141 1534 3191 Mell-

1035 3235 1136 3269 mannue
1156 3227 1235 3286 putat,
1254 3218 1317 3268 banc
1338 3215 1536 3283 metamorphosin

1031 3289 1109 3345 'ortem
1121 3311 1174 3344 esee
1188 3309 1218 3343 ex
1237 3292 1375 3342 conluuione
1389 3307 1446 3340 cum
1462 3301 1536 3340 uane-

1034 3367 1172 3417 fondatione
1187 3375 1312 3432 eequente,
1324 3381 1374 3415 ver.
1383 3367 1496 3414 meat
1504 3362 1536 3412 ad

1035 3441 1170 3506 exemplum
1181 3441 1233 3506 ejux
1242 3441 1333 3490 fictam

1068 3516 1208 3564 eoa—550.
1235 3515 1299 3569 Quae
1320 3514 1372 3564 Dee
1391 3529 1435 3576 per
1455 3521 1536 3568 tenet»

1033 3589 1096 3654 ete]
1126 3589 1200 3638 Cerea
1214 3604 1288 3654 quum
1304 3605 1334 3637 ex
1345 3587 1469 3636 Arethuea
1481 3601 1536 3650 cog·

1033 3663 1137 3713 novimet
1158 3672 1252 3728 raptum
1264 3662 1431 3728 ,Proaerpiuam
1452 3662 1537 3711 ,lovem

1033 3736 1134 3804 supplex
1150 3736 1227 3796 addit,
1237 3736 1279 3803 qui
1294 3753 1324 3786 ea
1341 3736 1396 3802 lege
1412 3736 1486 3786 filiam
1501 3751 1539 3784 re·

1033 3811 1084 3878 peti
1094 3827 1164 3878 poaee
1174 3811 1324 3877 pronunciet,
1337 3809 1358 3859 ei
1369 3811 1448 3860 nulloe
1458 3819 1539 3875 guata-

1034 3885 1093 3935 verit
1113 3885 1188 3934 ciboe.
1223 3887 1366 3947 Ascalaphus
1386 3894 1476 3941 autem
1495 3881 1539 3948 qui

1032 3975 1086 4009 eam
1102 3958 1265 4008 comedentem
1278 3957 1379 4016 viderat,
1389 3973 1487 4023 remque
1501 3957 1539 4006 in-

1033 4033 1163 4088 dicaverat.
1170 4043 1277 4082 mutatur
1283 4034 1309 4081 in
1317 4033 1448 4082 bubonem.
1464 4033 1539 4080 Erre·

1033 4110 1099 4157 uerit.
1133 4107 1228 4156 Erroree
1237 4107 1292 4156 illoe
1305 4106 1445 4156 describunt
1456 4107 1540 4171 hymn.

1034 4180 1145 4230 Homld
1156 4195 1210 4246 eqq.
1219 4197 1228 4242 5
1243 4180 1342 4231 Gallim.
1352 4179 1410 4240 viii;
1427 4179 1541 4246 Apollod-

1032 4257 1134 4316 1.v.1;
1160 4255 1247 4305 Noster
1265 4255 1405 4321 ipee,Faxt.
1420 4257 1469 4305 eet
1484 4271 1541 4320 eqq.

1034 4331 1119 4395 Defuit
1131 4332 1198 4386 mets.
1210 4329 1276 4379 nulla
1286 4329 1404 4396 auperluit
1414 4345 1468 4395 para
1476 4329 1543 4378 orbis

1033 4413 1157 4460 terrarum,
1178 4403 1220 4453 ubi
1240 4413 1367 4468 quaereret.
1401 4403 1506 4460 Sinonia,
1528 4417 1544 4452 a

1033 4477 1136 4534 Sicania,
1146 4477 1188 4542 qui
1199 4493 1228 4528 ex
1239 4478 1320 4526 Iberia
1335 4476 1541 4544 immigraverant.

1032 4551 1184 4616 mucymu.
1192 4554 1216 4602 2.
1228 4553 1312 4600 Omnia
1319 4555 1443 4609 mundam,
1451 4567 1543 4618 nempe

1034 4625 1133 4675 mutatis
1143 4635 1225 4676 manet
1234 4641 1318 4676 aeneus
1327 4625 1450 4690 priatiuue.
