3526 6018
450 767 920 838 METAMORPHOSEON
944 772 1035 840 LIB.
1053 775 1101 840 ΙΙ.
1233 777 1298 846 167

254 943 411 1018 Summe
430 944 580 1021 Deilml
607 947 717 1022 liceat
735 947 911 1045 periturae
927 949 1067 1024 viribus
1085 950 1194 1049 ignis,
1221 955 1296 1028 280

254 1060 349 1158 Igne
366 1063 488 1161 perire
506 1073 592 1152 tuo;
622 1064 847 1163 clademque
865 1077 1016 1144 auctore
1032 1069 1170 1146 lerere.

252 1178 326 1252 Vix
345 1180 523 1278 equidem
540 1180 669 1256 fauces
687 1181 768 1256 hec
787 1181 870 1280 ipsa
886 1183 924 1256 in
941 1185 1056 1260 verba
1074 1187 1254 1274 resolvo,”

252 1294 466 1392 (Presserat
477 1298 685 1398 oravapor)
705 1305 864 1374 “tostos
882 1323 930 1375 en
948 1301 1078 1400 aspice
1096 1303 1232 1392 crines,

253 1411 375 1510 Inque
389 1414 508 1490 oculis
527 1427 687 1504 tantum,
706 1426 853 1492 tantum
871 1441 986 1517 super
1002 1443 1068 1494 ora
1083 1417 1231 1494 favillae.

253 1527 385 1608 Hosne
402 1532 494 1606 mihi
510 1531 667 1620 fructus,
686 1533 787 1608 hune
805 1532 1006 1610 fertilitatis
1024 1534 1204 1610 honorem
1222 1541 1295 1611 285

253 1647 455 1748 Officiique
467 1648 595 1738 refers,
615 1651 719 1749 quod
736 1651 873 1726 adunci
891 1652 1189 1740 winemarum,

254 1761 552 1864 Rastrorumque
565 1765 657 1854 fero,
676 1776 833 1866 totoque
851 1791 1031 1844 exerceor
1048 1769 1171 1844 annol

253 1879 365 1964 Quod
383 1885 509 1982 pecori
523 1882 686 1970 frondes,
698 1883 953 1983 alimentaque
969 1887 1088 1974 mitia,
1107 1885 1246 1986 fruges,

254 1997 430 2075 Humano
448 2002 592 2098 generi„
606 2002 712 2076 vobis
731 2001 834 2100 quod
850 2012 936 2078 tura
952 2003 1148 2078 ministro?

254 2115 331 2189 Sed
345 2127 472 2192 tamen
490 2117 724 2192 exitiumfac
742 2142 803 2194 me
821 2119 1025 2194 meruisse:
1047 2121 1139 2218 quid
1157 2119 1281 2206 undae,

254 2230 356 2316 Quid
373 2233 511 2310 meruit
526 2225 666 2310 frater?
692 2257 759 2310 cur
773 2234 827 2310 illi
845 2236 982 2311 tradito
998 2248 1098 2312 sorte
1224 2239 1294 2311 291

254 2348 420 2448 AEquora
436 2352 672 2440 decrescunt,
686 2363 731 2428 et
747 2353 796 2427 ab
814 2352 953 2428 aethere
970 2352 1118 2450 longius
1136 2352 1299 2427 absunt?

253 2463 364 2550 Quod
384 2468 415 2541 si
433 2491 503 2542 nec
521 2467 658 2556 fratris,
677 2491 748 2542 nec
766 2478 805 2543 te
823 2491 908 2542 mea
924 2469 1047 2566 gratie
1064 2469 1205 2568 tangit;

253 2581 306 2656 At
321 2583 406 2657 coeli
424 2585 601 2662 miserere
618 2585 695 2661 tui:
723 2585 974 2685 circumspice
991 2596 1215 2685 utrumque;

253 2697 388 2774 Fumat
401 2710 563 2800 uterque
578 2703 708 2802 polus:
728 2703 874 2802 quossi
886 2702 1071 2778 vitiaverit
1084 2703 1195 2802 ignis,
1222 2707 1296 2795 295

252 2927 358 2976 vationes
376 2927 407 2978 sd
422 2927 504 2978 Tibul.
523 2930 558 2980 11.
572 2930 606 2980 iv.
625 2934 649 2981 ὅ.
685 2930 749 2980 Vires
796 2931 1228 2993 pideterraoomibtuerueiuturioris.
1246 2931 1300 2982 Nisi

251 3017 313 3068 sepe
323 3011 349 3051 et
359 3002 408 3068 igni
419 3003 553 3054 tribuuntur
563 3013 588 3054 et
602 3021 644 3071 pro
654 3003 749 3070 ignibus
798 3013 884 3062 tumen,
896 3021 944 3069 que
959 3021 1044 3054 nmmo
1058 3007 1165 3068 potiatur
1179 3014 1247 3070 muse
1260 3023 1298 3054 ec-

252 3085 385 3140 ponuutur:
404 3077 750 3130 diminorationem„
799 3089 871 3128 um
887 3089 948 3137 cute,
963 3081 1092 3130 tolerabilia
1109 3083 1226 3129 uidentur.
1253 3081 1297 3130 Pe·

244 3155 332 3200 'werdt
350 3154 426 3212 cisun
454 3152 506 3202 xiii.
526 3154 583 3204 668.
601 3155 677 3203 AEtua
697 3169 750 3204 aem
799 3161 915 3203 ostrum
933 3156 960 3204 is
976 3157 1133 3211 uiuera‚etc.
1158 3155 1198 3204 De
1213 3165 1298 3204 recoo-

250 3230 297 3275 καὶ
313 3229 410 3278 sirim
442 3226 506 3278 Hinc
522 3228 549 3277 ir.
566 3228 584 3278 1.
604 3225 750 3296 periphrasin
799 3245 852 3275 nrm
864 3227 1087 3293 montemedi.
1101 3229 1156 3278 101.
1189 3228 1299 3279 Enneere

250 3301 316 3359 lecit,
331 3311 358 3352 ut
375 3302 425 3352 xiv.
439 3305 544 3354 274.os's
562 3307 627 3354 meri.
658 3302 751 3352 Similis
799 3303 860 3354 boue
871 3303 901 3352 de
914 3303 1069 3369 agricultura.
1080 3311 1152 3369 etque
1166 3303 1238 3354 etiam
1248 3321 1297 3354 mo

252 3377 434 3442 apudGrseos.
461 3377 543 3431 Clades
553 3378 749 3437 metumien-
800 3376 1004 3427 leonumlonum
1018 3375 1127 3428 involvit.
1155 3377 1297 3446 Torqquo·

251 3451 320 3500 bilior
337 3451 451 3510 redditur,
461 3463 564 3512 sacrm,
574 3453 669 3520 quando
680 3463 750 3504 suta
800 3467 852 3500 rum
867 3465 925 3500 cura
940 3449 1043 3502 maxime
1060 3453 1177 3518 tangebat
1194 3453 1298 3510 Demi

251 3541 338 3592 unguo
360 3535 385 3576 ct
402 3528 488 3578 illustri
508 3528 566 3586 rire,
584 3535 635 3586 eut,
655 3536 684 3577 ut
704 3527 749 3578 boc
800 3528 857 3577 248.

251 3601 312 3659 loco,¹
324 3617 340 3650 a
350 3603 404 3652 Deo
413 3601 520 3653 infertur.
537 3603 626 3653 Bonis.
653 3603 748 3661 man,
832 3603 890 3653 291.
900 3599 996 3652 Tradita
1005 3601 1086 3664 eom]
1097 3603 1157 3659 Quis
1166 3601 1298 3652 sdeosum·

252 3677 367 3734 minuere,
378 3687 405 3728 ut
415 3679 449 3727 iii.
456 3679 513 3729 ³88.

282 3753 341 3800 283.
366 3751 505 3818 Presserat]
536 3753 650 3810 Premm,
670 3753 756 3819 oppda

252 3841 324 3882 mere,
347 3825 467 3876 claudere.
503 3824 618 3891 Virgilius
638 3827 696 3876 AEn.
716 3825 749 3875 ri.

254 3902 315 3952 leo:
332 3915 450 3966 pressoque
457 3903 570 3950 obmutuit
579 3917 627 3951 ore.
642 3899 749 3949 Multum

251 3975 316 4026 velet
327 3973 358 4024 ed
369 3975 497 4024 monendos
508 3974 575 4032 elios,
586 3973 615 4031 si,
626 3989 680 4040 qun
691 3973 752 4023 dici·

251 4065 312 4108 mus,
331 4065 411 4098 eorum
430 4049 508 4099 oculis
527 4049 645 4116 subjicere
666 4063 749 4114 poen·

251 4139 312 4174 mus.
351 4123 415 4174 Hinc
436 4126 564 4188 moenia,
584 4131 681 4174 cimex
703 4126 749 4172 cir·

250 4202 453 4265 eampicmtque
469 4201 583 4249 millius.
616 4199 671 4247 Non
687 4202 749 4248 eine·

250 4277 284 4322 ris
299 4274 368 4332 dicit,
382 4274 436 4333 sed,
449 4273 514 4340 quod
531 4273 633 4340 gravius,
645 4273 750 4340 jovilla,

249 4348 411 4399 cinerismixti
419 4348 531 4399 scintillis
540 4349 623 4414 igneis.
650 4349 747 4398 Horror:

247 4423 383 4492 premium.
413 4425 483 4492 Saepe
497 4423 557 4474 sulci
575 4440 631 4473 curn
646 4423 750 4472 uulneri·

249 4503 292 4548 bru
301 4505 478 4566 comparantur,
489 4507 515 4548 et
529 4500 574 4548 hoc
585 4497 683 4564 quidem
697 4497 750 4548 loco

247 4572 447 4624 commodissime.
474 4572 675 4624 Acerbiusetiam
685 4571 749 4622 Plin.

194 4669 196 4681 ·
248 4646 285 4696 Η.
297 4647 331 4696 N.
346 4645 373 4696 ii.
388 4647 436 4697 63:
456 4646 534 4704 Ferro,
548 4650 618 4714 liguo,
634 4651 696 4711 igne,
714 4648 747 4694 lo-

800 3693 840 3727 mo
856 3677 910 3743 jure
930 3676 953 3726 ei
972 3676 1105 3726 debentur=
1124 3685 1146 3724 et
1162 3679 1191 3725 ab
1208 3677 1298 3735 crine,

801 3761 862 3813 etc.;
878 3759 996 3817 quatenus
1006 3751 1166 3800 decreverant.

833 3827 890 3876 294.
906 3826 1061 3888 circumeo
1075 3824 1218 3890 ciuemque]
1236 3825 1299 3874 Bur-

798 3916 899 3950 mannus
921 3900 1004 3950 mallet
1021 3899 1056 3949 ite
1075 3898 1234 3965 distinguere:
1251 3904 1298 3950 cir·

798 3977 909 4060 cumiri?
927 3985 1051 4040 utromque
1074 3975 1170 4041 (fumat
1189 3975 1298 4041 uterque)

797 4053 883 4114 polum

832 4126 889 4174 295.
903 4123 1046 4188 Vicinonia]
1061 4123 1201 4176 Violererit.
1221 4127 1298 4176 Atrio.

800 4197 864 4249 Vide
880 4197 911 4246 sd
929 4197 1017 4248 librum
1032 4199 1050 4246 i.
1064 4199 1120 4248 172.
1152 4201 1219 4249 dilus
1236 4203 1296 4250 lubo-

800 4284 847 4323 rar.
863 4271 942 4330 suas,
952 4288 1020 4324 mone
1030 4274 1190 4334 Mauritaniae,
1195 4275 1237 4340 qui
1247 4291 1297 4326 eoe·

798 4350 849 4399 lum
859 4345 916 4397 ideo
924 4347 1041 4398 sustinere
1049 4348 1144 4406 dicitur,
1150 4349 1213 4414 quod
1219 4347 1298 4406 Atlas,

798 4423 840 4489 qui
856 4421 881 4471 in
894 4419 963 4472 illurn
977 4431 1080 4474 montem
1094 4424 1169 4473 fertur
1179 4432 1296 4474 usnemu·

798 4495 1077 4562 tatus,primusomnium
1083 4497 1223 4562 astrologice
1231 4513 1296 4546 soru-

799 4572 843 4622 turi
855 4572 965 4639 coeperit.
993 4573 1051 4622 Vid.
1061 4571 1194 4636 Rhodigin.
1205 4571 1246 4621 lib.
1257 4570 1297 4620 vii.

800 4663 853 4714 cap.
865 4647 897 4696 xii
909 4665 916 4706 ;
934 4647 1028 4696 Vitrur.
1040 4647 1081 4697 lib.
1093 4645 1124 4695 vi.
1140 4661 1193 4711 cap.
1205 4661 1231 4694 s.
1257 4647 1297 4696 De
