3450 5998
464 767 531 834 266
759 766 798 832 P.
823 763 987 832 OVIDll
1012 765 1222 834 NASONIS

468 941 529 1016 De
546 940 660 1016 modo
675 941 822 1038 viginti,
841 951 897 1016 tot
914 941 1015 1016 enim
1033 941 1123 1016 ratis
1141 943 1205 1016 illa
1221 942 1376 1032 serebat,

468 1058 675 1134 Restabam
691 1057 818 1148 solus;
848 1059 1024 1158 pavidum
1041 1060 1285 1158 gelidumque
1301 1061 1476 1134 trementi

467 1177 648 1282 Corpore,
666 1175 806 1274 vixque
834 1200 960 1253 meum
985 1176 1108 1252 firmat
1132 1175 1251 1266 Deus,
1271 1175 1432 1266 Excute,
1454 1177 1510 1250 di·

618 1315 721 1380 cens,

467 1409 592 1484 Corde
610 1421 766 1496 metum,
787 1409 978 1508 Diamque
995 1421 1096 1484 tene.
1149 1407 1309 1484 Delatus
1326 1409 1365 1482 in
1382 1407 1496 1494 illam,

465 1526 650 1601 Accensis
667 1525 754 1612 aris,
774 1525 965 1602 Baccheia
982 1549 1090 1600 sacra
1106 1522 1342 1622 frequento.'’
1438 1527 1508 1598 691

518 1653 542 1682 “
562 1643 799 1720 Praebuimus
826 1643 985 1742 longis,’'
1013 1642 1223 1730 Pentheus,
1252 1639 1512 1738 “ambagibus

466 1760 611 1858 lnquit,
621 1770 646 1800 ‘⁶
658 1760 976 1836 utiramoravires
984 1761 1183 1836 absumere
1190 1768 1332 1860 posset.
1348 1758 1512 1856 [aures,”

466 1875 709 1976 Praecipitem
725 1877 855 1952 famuli
873 1879 992 1980 rapite
1010 1879 1133 1967 hunc;
1162 1877 1405 1974 cruciataque
1422 1875 1512 1950 diris

402 2043 408 2058 ·
468 1993 637 2092 Corpora
653 1995 848 2069 tormentis
869 1995 1013 2095 Stygiae
1030 1995 1218 2070 demittite
1236 1993 1375 2069 nocti.''
1440 1997 1513 2068 695

466 2107 644 2183 Protinus
663 2111 876 2186 abstractus
896 2112 1026 2186 solidis
1044 2111 1262 2211 Tyrrhenus
1279 2110 1434 2185 Acoetes

468 2225 668 2300 Clauditur
680 2227 719 2300 in
736 2228 871 2318 tectis3
901 2239 951 2318 et,
970 2230 1060 2304 dum
1078 2230 1246 2304 crudelia
1257 2231 1375 2327 jussae

466 2339 726 2417 Instrumenta
741 2343 860 2432 necis,
878 2343 1095 2443 ferrumque
1109 2345 1283 2443 ignisque
1297 2353 1486 2444 parantur,

467 2457 612 2556 Sponte
630 2483 700 2532 sua
716 2460 886 2558 patuisse
903 2460 1015 2550 fores,
1033 2464 1237 2562 lapsasque
1255 2461 1405 2536 lacertis

467 2573 613 2671 Sponte
630 2599 711 2662 sua,
730 2576 831 2652 fama
846 2589 917 2667 est,
932 2579 1036 2654 nullo
1054 2580 1235 2666 solvente,
1252 2589 1418 2654 catenas.
1438 2582 1510 2650 700

466 2690 620 2766 Perstat
636 2691 867 2772 Echionides
882 2724 891 2786 ;
921 2721 991 2772 nec
1004 2699 1084 2795 jam
1098 2697 1209 2796 jubet
1225 2697 1291 2784 ire,
1307 2697 1375 2771 sed
1392 2695 1474 2795 ipse

496 2929 553 2978 687.
573 2927 683 2993 Viginti]
712 2928 822 2995 Hyginus
837 2927 964 2980 duodecim
1014 2947 1107 2994 corpore
1126 2933 1196 2988 noeti,
1214 2928 1314 2980 AEneid.
1333 2945 1360 2977 x.
1377 2927 1434 2977 662.
1465 2927 1511 2976 Sed

464 3003 544 3052 habet.
573 3003 616 3051 Vr:
625 3020 707 3060 menen,
719 3004 758 3053 vix
769 3019 897 3055 memorem
908 3005 963 3064 mei,
1014 3006 1101 3056 Noster
1109 3001 1512 3070 deniturestygtaeeoeti,ercujus

464 3077 634 3128 exanimatum.
667 3076 779 3128 Similiter
795 3079 875 3128 Greci
892 3089 963 3129 ntun-
1013 3079 1145 3129 imitatione
1154 3079 1511 3136 suinenelimvmehem

465 3151 626 3218 tursuolpdc.
642 3152 758 3202 Mouente
767 3153 963 3217 Heinsiofimet‚
1013 3155 1165 3220 sere-Stygiis
1175 3157 1244 3202 noeti.
1277 3151 1351 3218 Apud
1366 3151 1511 3217 Euripidem,

465 3226 569 3274 animm
581 3223 640 3274 mihi
650 3224 726 3275 addit.
760 3227 830 3276 Diem
842 3237 965 3286 cenetens
1015 3243 1071 3277 enm
1081 3226 1219 3292 uultligare
1234 3226 1265 3276 sd
1282 3241 1404 3292 presepe;
1419 3225 1461 3274 sed
1478 3225 1512 3273 in-

465 3299 528 3349 viam
539 3315 593 3365 que
603 3298 671 3348 ducit
681 3299 712 3348 ad
724 3299 805 3350 Diem.
827 3301 885 3360 Dte,
894 3303 919 3351 N
920 3319 964 3352 u·
1014 3301 1081 3352 nnis
1094 3309 1223 3368 correptus,
1237 3302 1290 3350 loeo
1303 3299 1404 3358 Becchi,
1421 3309 1512 3349 munim

464 3389 500 3430 os,
512 3389 584 3439 quam
594 3373 752 3438 Strongylem,
762 3374 820 3424 dein
827 3375 901 3434 Dian,
909 3393 964 3426 mox
1015 3375 1107 3440 unget.

449 3447 605 3517 &Dionysida
615 3457 662 3497 etc.
673 3448 832 3514 appelllrunt.
851 3451 965 3502 Plin.lib.
1047 3451 1104 3500 696.
1120 3451 1199 3499 Solida
1212 3459 1281 3507 tecte,
1290 3465 1371 3499 carcer
1385 3449 1446 3497 bene
1462 3463 1511 3498 mu·

463 3522 510 3573 lv.
520 3537 576 3588 cap.
587 3523 630 3570 22.
663 3523 893 3582 scematcelefieri.
925 3525 966 3575 Its
1015 3523 1088 3574 nitus.
1112 3525 1151 3574 Sic
1166 3524 1199 3574 iv.
1214 3526 1273 3575 645.
1287 3527 1359 3574 solide
1375 3525 1473 3580 meniu
1489 3529 1513 3570 et

463 3597 739 3656 acemanecestriae,
752 3599 899 3660 v.6oe;ubi
911 3599 965 3652 vide
1014 3598 1048 3646 vi.
1059 3599 1118 3649 573.
1129 3601 1360 3649 maeotidem.
1395 3597 1512 3652 Crudelis,

465 3674 590 3723 Dmlenb.
623 3673 687 3722 Hinc
699 3680 724 3722 et
739 3691 786 3722 ere
802 3673 913 3724 dicuntur
925 3693 963 3724 ee·
1014 3672 1149 3722 crudelitati
1169 3673 1330 3722 inservientia.
1369 3672 1407 3720 Ex
1426 3675 1511 3720 reem-

463 3751 538 3805 eeedi,
559 3746 692 3812 inquibus
709 3762 778 3796 sacre
799 3745 868 3796 liunt.
901 3747 965 3797 Tura
1013 3752 1095 3796 mentis
1109 3750 1169 3796 neeis
1183 3747 1294 3797 ardentes
1303 3745 1511 3796 taminecemme·

464 3832 545 3873 autern
562 3820 613 3871 deri
631 3821 728 3872 Baccho
744 3821 861 3879 solebant,
877 3822 909 3872 iv.
925 3823 964 3872 ll.
1013 3820 1214 3870 moranturaCic.
1226 3821 1373 3870 Vemaffi.
1383 3819 1511 3885 quostiam

464 3897 503 3947 Fit
523 3913 579 3962 ergo
599 3897 700 3946 Acoetes
717 3897 829 3961 semotus
848 3914 965 3946 sucronem
1014 3893 1264 3960 h.l.ferrumetlgesis
1274 3893 1389 3959 respicere
1397 3891 1515 3942 ridentur.

465 3969 647 4026 Bacchicorum,
660 3971 797 4020 versutll.
829 3969 860 4020 In
875 3970 964 4036 hymno
1013 3969 1087 4018 Nullo
1100 3971 1199 4018 solvente
1212 3971 1314 4018 otiosum
1328 3967 1422 4018 videtur
1432 3965 1509 4033 Cepo-

464 4043 590 4093 Homerico
606 4044 674 4094 Deus
688 4061 743 4094 eum
753 4045 846 4103 retinet,
858 4045 963 4112 lecitque
1012 4041 1160 4109 serremqttie
1170 4041 1512 4109 precessitmntfflequod

464 4115 616 4180 πανόλβιον.
1012 4117 1067 4169 ideo
1084 4127 1160 4168 mutat
1175 4119 1201 4167 in
1218 4121 1331 4168 innocuis.
1357 4117 1434 4166 Male.
1450 4117 1514 4166 Solet

494 4193 552 4241 692.
572 4191 713 4240 Prebuimus
724 4195 876 4259 leege'setc]
900 4195 963 4246 Vide
1012 4195 1101 4244 Noster
1115 4193 1202 4260 passim
1218 4193 1253 4242 ita
1268 4192 1429 4242 redundanter
1442 4191 1514 4256 loqui,

463 4265 495 4316 ad
506 4281 555 4314 ver.
565 4264 623 4313 57⁷.
652 4265 782 4316 Sinenexu
797 4271 961 4333 grammatico,
1009 4279 1037 4319 ut
1046 4267 1064 4318 i.
1073 4269 1114 4318 90.
1125 4287 1173 4333 que
1183 4271 1272 4318 meedice
1283 4269 1356 4324 enlm,
1369 4268 1452 4330 Sponte
1462 4285 1511 4320 eree.

464 4347 573 4390 enatura
587 4335 638 4395 ire,
650 4354 704 4388 mox
721 4341 867 4392 convertitur
883 4344 914 4392 ed
926 4343 961 4393 le·
1009 4346 1058 4391 eine
1075 4344 1132 4407 tege,
1147 4351 1172 4391 et
1186 4359 1255 4391 versu
1268 4343 1324 4392 100.
1344 4341 1397 4404 Ipse
1411 4359 1514 4404 pseu-se,

462 4415 546 4463 mulos.
590 4412 733 4474 Praecipitem
752 4419 836 4478 reples,
858 4416 962 4467 maxims
1010 4416 1051 4466 ubi
1062 4415 1116 4465 ride
1127 4426 1215 4466 notam.
1232 4418 1264 4466 Et
1274 4415 1444 4481 nuncquidem
1454 4415 1513 4464 illud

463 4503 519 4537 cum
529 4485 552 4534 vi
563 4495 588 4534 et
601 4485 723 4536 celeritate
737 4487 836 4539 auferte.
870 4491 961 4540 Demit-
1009 4501 1086 4554 poete
1095 4508 1145 4549 nm,
1156 4491 1182 4540 in
1193 4507 1240 4556 quo
1251 4491 1287 4540 ris
1297 4489 1415 4548 miraculi,
1427 4507 1513 4555 urgen-

463 4564 505 4610 tr'te
525 4564 594 4610 noeti.
638 4560 752 4626 Virgilius
770 4566 960 4615 demutescere
1009 4565 1066 4614 dum
1078 4573 1139 4614 erat.

462 4633 771 4696 diritAEneid.i1.527;
798 4644 823 4686 et
842 4641 960 4690 demittere
1043 4641 1099 4688 701.
1118 4641 1209 4690 Perstet
1231 4639 1391 4703 Echionides]
1428 4637 1512 4688 Exitus
