3494 6002
466 815 533 882 ml

749 809 789 879 P.
814 805 977 877 OVIDII
1001 801 1213 873 NASONIS

471 991 659 1090 Serpunt3
687 999 727 1076 et
744 986 907 1086 gravidis
923 984 1160 1080 distinguunt
1175 980 1259 1054 vela
1275 975 1477 1076 corymbis.

470 1109 573 1210 Ipse,
592 1105 820 1183 racemiferis
838 1103 998 1180 frontem
1016 1098 1271 1176 circumdatus
1289 1093 1382 1180 uris,
1443 1096 1516 1168 666

470 1225 689 1326 Pampineis
707 1225 825 1321 agitat
840 1223 1000 1298 velatam
1018 1215 1212 1290 frondibus
1227 1213 1387 1286 hastam.

471 1341 596 1428 Quem
613 1341 715 1416 circa
730 1340 860 1438 tigres,
880 1337 1158 1430 simulacraque
1174 1328 1301 1404 inania
1317 1328 1483 1427 lyncum,

471 1458 744 1556 Pictarumque
758 1459 888 1556 Jacent
903 1452 983 1528 fera
999 1471 1155 1550 corpora
1172 1446 1452 1547 pantherarum.

472 1573 652 1649 Exiluere
667 1573 757 1664 viri;
786 1573 864 1648 sive
881 1573 954 1648 hoc
972 1565 1118 1643 insania
1133 1564 1235 1652 fecit,

1445 1561 1518 1633 670

469 1689 558 1766 Sive
575 1691 707 1782 timor3
735 1690 956 1791 primusque
974 1681 1118 1760 Medon
1135 1681 1348 1780 nigrescere
1365 1675 1491 1776 pinnis

472 1937 560 1988 eam
576 1943 685 1998 tmpore,
697 1931 782 1998 ungit
796 1931 852 1982 uel.
863 1927 915 1980 viii.
932 1931 972 1982 la.

471 2009 560 2058 Noster
568 2007 601 2058 ri.
615 2009 670 2058 lta.
703 2007 795 2056 Natta
812 2007 907 2054 hedure.
940 2004 973 2052 E-

469 2081 511 2148 jus
522 2081 608 2132 racemi
619 2081 644 2131 in
654 2079 734 2131 orbem
745 2077 892 2137 circumacti,
903 2085 938 2136 nt,
948 2077 974 2128 in

473 2156 531 2214 vita,
546 2158 655 2221 corymbi.
699 2155 808 2214 (iacuisti,
825 2164 853 2206 ut
872 2156 975 2220 maida

473 2235 558 2290 adsta,
568 2230 585 2280 i.
595 2231 649 2282 110.
678 2229 842 2296 Distinguunt,
850 2244 892 2296 per
902 2229 975 2278 inter·

474 2305 540 2354 ralla
559 2312 654 2354 ornant.
680 2301 749 2354 ·Plin.
766 2303 797 2352 V.
814 2303 859 2369 Ep.
876 2302 908 2352 vi.
927 2303 973 2351 162

475 2378 566 2443 Xystus
586 2379 708 2428 distinctus
729 2380 795 2426 mss.
830 2377 976 2442 Distringsru

474 2452 530 2503 huic
541 2452 594 2502 loeo
605 2450 684 2518 aptius
695 2468 766 2518 quam
777 2453 926 2516 distinguere,
933 2466 976 2517 pm

474 2545 565 2586 mars,
575 2525 692 2576 antimo.
725 2527 807 2592 Caput
818 2525 908 2575 Bacchi
924 2527 976 2592 ple·

475 2617 575 2668 rumque
586 2600 673 2652 hedera
682 2601 796 2660 cinctum,
806 2600 924 2652 interdum
940 2608 977 2650 ta·

475 2693 531 2726 men
541 2684 566 2726 et
575 2675 701 2743 pampinis,
712 2683 740 2724 ut
749 2681 903 2724 monumenta
916 2673 977 2724 anti-

476 2767 526 2817 qna
536 2748 630 2800 docent.
662 2748 899 2815 Itaqneonelnhoc
907 2749 977 2798 naha-

476 2825 532 2875 culo
547 2823 665 2874 offendere
682 2840 730 2873 non
746 2823 843 2873 dehent.
880 2821 977 2881 Umbris,

477 2899 542 2966 quod
562 2900 701 2948 Burmanno
716 2899 805 2966 placet,
823 2913 887 2948 nunc
908 2898 978 2948 nimia

477 2973 977 3041 foretpoetieum,necqnisqnamfacilern-

478 3051 596 3114 ensiferas
622 3047 710 3098 dixerit
734 3050 841 3098 umbras.
883 3049 975 3113 Agitur,

478 3139 544 3173 more
554 3122 728 3172 Bacchantium
736 3122 820 3187 jactat.
848 3121 979 3186 Pampinels

477 3199 725 3263 agturntutmte.
757 3195 842 3260 lhyrsi
850 3195 978 3261 descriptio

479 3278 505 3320 et
521 3270 671 3338 periphrasis.
704 3269 823 3326 Catullus,
835 3269 865 3320 de
881 3269 979 3336 Nuptiis

479 3344 547 3395 Pelei
558 3345 753 3395 timenreut:
773 3344 924 3408 Hornmpors
933 3355 979 3395 tsc-

452 3435 458 3450 ’
480 3419 850 3484 toquutiebnntcnspidslhyrtos.

513 3495 572 3543 666.
591 3494 663 3550 Quam
679 3496 742 3544 cla-ss
760 3497 839 3559 tigres,
852 3491 912 3557 eta]
939 3491 980 3542 tr·

481 3585 542 3633 gres,
561 3568 643 3635 lynces
660 3577 686 3618 et
705 3568 828 3635 panthera
846 3567 982 3632 significant

482 3641 981 3709 terrificasspecies,irnaginesetphentas·

482 3726 548 3767 mata
564 3733 617 3784 qne
633 3716 750 3766 ebriorum
769 3715 845 3766 oculis
860 3725 885 3765 et
898 3715 983 3766 animis

481 3792 644 3841 observantur.
683 3791 762 3856 lignea
781 3800 807 3840 et
825 3793 983 3853 posthuma

483 3866 581 3916 Baccho
589 3865 615 3915 in
628 3865 700 3915 India
709 3865 810 3916 deviem
822 3866 983 3932 jungebantur

483 3941 536 4006 ejus
553 3941 640 3999 currui,
650 3941 727 4006 iisque
745 3939 895 3990 addebantur
911 3941 983 3990 ctiam

485 4017 570 4080 lyncea.
604 4017 671 4065 Bene
686 4017 768 4064 innuis
777 4013 808 4064 de
819 4013 864 4064 hac
874 4015 984 4065 illusione

485 4089 640 4139 musculosa:
665 4088 698 4139 ir.
715 4087 773 4138 404.
787 4090 856 4154 salsa
874 4105 984 4138 moretm

485 4162 737 4229 simulacrnserntum.
781 4163 861 4221 Picta,
879 4163 985 4213 macalo-

487 4252 528 4286 ιω.
554 4235 593 4286 Sic
602 4241 725 4300 picturata
735 4253 793 4294 cm,
804 4237 932 4288 claudian.
945 4237 985 4287 40.

488 4313 518 4375 a,
545 4313 621 4376 lynces
642 4311 729 4360 Bocchi
749 4315 826 4369 nane,
849 4311 946 4362 AEneid.
966 4313 984 4362 i.

520 4459 576 4509 6⁴70.
602 4459 710 4508 Bellum
730 4461 784 4516 oiri,
803 4460 864 4523 σω]
887 4461 986 4516 Seneca,

489 4533 531 4600 qui
543 4533 608 4582 hune
620 4532 699 4581 locum
714 4531 825 4598 respexit,
836 4539 918 4582 omues
928 4547 985 4582 nan·

489 4606 896 4672 tasunamntationecornplectitur.
925 4607 983 4656 Bro-

489 4683 540 4732 elts'n
548 4685 623 4745 puna
633 4684 719 4731 cadunt
725 4683 875 4746 predonibus,
884 4683 985 4733 illisum·

1022 1943 1065 1993 qast
1071 1936 1138 1978 atsto
1143 1933 1222 1988 prensa
1231 1925 1285 1979 nott.
1298 1919 1404 1970 emus
1413 1922 1520 1984 ιιφωὰι

1022 2003 1091 2052 lntsri
1108 2017 1189 2050 monus
1208 1999 1240 2048 Et
1257 1999 1322 2046 dorso
1332 1996 1439 2062 fluum
1455 2011 1522 2044 rurus

1021 2073 1366 2135 suhit,lmuotnsciuditcnuda
1373 2085 1445 2120 mors.
1476 2069 1522 2118 Sed

1023 2152 1110 2202 Noster
1124 2150 1206 2216 phuea
1221 2155 1308 2196 nantas
1321 2143 1449 2211 separatim
1463 2153 1487 2194 et
1498 2145 1522 2196 in

1023 2237 1079 2276 actu
1089 2223 1192 2292 quodam
1203 2223 1228 2272 in
1238 2237 1324 2271 novam
1331 2225 1333 2231 '
1340 2220 1440 2269 formam
1451 2229 1525 2272 uana-

1024 2309 1108 2350 euntes
1121 2297 1234 2356 ostendit,
1253 2303 1325 2362 atqua
1341 2296 1376 2344 ita
1391 2310 1433 2362 per
1447 2305 1525 2361 partes

1025 2375 1085 2426 etin
1095 2373 1204 2442 pluribus
1214 2371 1460 2422 uansforruationihus
1473 2369 1523 2420 del·

1026 2451 1150 2518 phinorurn
1160 2448 1258 2497 formam
1270 2455 1427 2510 naturamque
1439 2444 1524 2494 deseri

1025 2525 1110 2584 bit,de
1126 2519 1342 2590 quantalibet.
1374 2519 1412 2568 Ex
1429 2519 1476 2568 hae
1492 2519 1525 2568 fa·

1025 2601 1084 2652 bula
1093 2598 1220 2666 delphinus
1229 2607 1328 2646 vocatur
1339 2595 1473 2660 Tyr-rhenus
1481 2599 1526 2659 ps's-

1026 2680 1067 2734 οἰκ,
1077 2676 1176 2731 Seneca,
1192 2671 1278 2736 Agam.
1295 2671 1352 2720 451.
1385 2671 1438 2719 Sine
1455 2672 1525 2720 hoe-

1026 2753 1102 2800 tlsnor.
1139 2749 1269 2814 Scriptores
1295 2755 1397 2811 auoque
1424 2745 1526 2797 trahunt.

1027 2825 1057 2875 In
1070 2825 1152 2891 hymn.
1167 2823 1264 2872 Homer.
1277 2837 1352 2886 quum
1364 2837 1427 2871 unns
1438 2821 1464 2870 in
1479 2822 1526 2871 leo·

1026 2915 1081 2950 nom
1095 2907 1201 2948 mutatus
1215 2897 1330 2962 impetum
1341 2895 1365 2944 in
1375 2895 1479 2960 reliquos
1492 2896 1526 2945 fa-

1027 2981 1100 3032 ceret,
1112 2973 1137 3022 hi
1153 2979 1218 3020 metu
1231 2968 1349 3037 perterriti
1364 2969 1526 3034 prosilientia

1027 3063 1093 3098 mare
1108 3051 1134 3096 el
1149 3043 1256 3111 delphini
1267 3043 1335 3093 liunt.
1368 3043 1448 3092 Etiam
1464 3044 1527 3110 apud

1028 3121 1151 3188 Hyginum
1161 3129 1185 3170 et
1196 3118 1304 3169 Serrium
1316 3117 1427 3167 leonibus
1437 3127 1462 3168 et
1470 3134 1528 3186 pan·

1027 3195 1101 3247 theris
1117 3202 1215 3262 repente
1232 3191 1425 3260 procurrentibus
1440 3201 1528 3243 tenen·

1028 3277 1076 3320 tur.
1100 3269 1148 3319 Sed
1157 3269 1258 3318 alutam
1266 3281 1364 3316 causam
1372 3265 1529 3332 Apollodorus

1029 3345 1110 3403 habet,
1136 3345 1252 3411 ἐμμανεῖς
1281 3341 1419 3408 γενόμενοι.
1456 3341 1529 3408 Apud

1028 3419 1224 3485 aglaosthenem,
1238 3415 1351 3466 Bacchus
1365 3415 1464 3465 comites
1477 3431 1530 3466 suos

1030 3493 1195 3560 symphoniam
1213 3505 1299 3540 canem
1314 3490 1479 3556 jubebatque
1489 3505 1529 3540 au-

1031 3567 1090 3625 dita,
1098 3567 1213 3634 Tyrrheni
1222 3565 1309 3615 saltare
1320 3563 1473 3630 incipiebant,
1484 3565 1530 3614 sal-

1031 3649 1157 3707 tantesque
1167 3641 1192 3690 in
1203 3655 1268 3690 mare
1284 3655 1310 3690 se
1323 3639 1480 3706 projiciebant
1495 3639 1530 3689 in·

1031 3717 1084 3767 scii.
1103 3717 1183 3766 Etiam
1193 3716 1225 3765 ab
1233 3713 1377 3782 Apollodoro
1386 3713 1436 3778 βοὴ
1446 3715 1531 3765 arihis·

1033 3799 1238 3842 commemoratur.
1268 3789 1532 3853 Pinna(Finmn)in-

1032 3873 1163 3916 strumenta
1179 3863 1277 3914 natandi
1294 3863 1399 3929 piscibus
1414 3865 1467 3913 loco
1483 3879 1532 3914 ma-

1033 3956 1107 3989 nnum
1121 3947 1145 3989 et
1158 3937 1247 4006 pedum
1263 3937 1336 3986 date.
1367 3937 1439 3987 Tales
1450 3938 1534 4004 pinnas

1033 4013 1140 4081 delphini
1154 4014 1180 4063 in
1191 4021 1274 4063 ventre
1284 4013 1375 4062 habent
1385 4012 1454 4070 duas,
1466 4016 1534 4079 nigro

1033 4098 1088 4138 cute
1104 4087 1227 4144 obductas.
1238 4089 1280 4138 sed
1294 4097 1319 4138 et
1333 4087 1437 4146 donum,
1448 4087 1474 4137 in
1488 4103 1535 4154 quo

1033 4179 1082 4213 una
1090 4163 1164 4229 pinna
1174 4161 1357 4230 sesquipedalis,
1369 4163 1464 4230 nigrum
1474 4163 1535 4213 colo·

1033 4253 1083 4288 rem
1097 4238 1177 4295 refert,
1191 4237 1392 4303 quemadmodum
1403 4247 1487 4289 venter
1501 4239 1536 4288 al·

1033 4315 1099 4362 bum.
1131 4311 1184 4361 Hoc
1197 4313 1292 4362 nomine
1303 4313 1421 4378 deceptus
1432 4313 1537 4362 Lactan-

1035 4386 1090 4444 tius,
1101 4385 1127 4435 in
1140 4385 1283 4450 argument.
1293 4386 1362 4436 nobis
1379 4395 1467 4442 narrat,
1479 4401 1534 4434 non·

1035 4459 1263 4510 nullosinaoesesse
1273 4469 1386 4510 rnntatos.
1421 4461 1536 4523 Deprensa,

1037 4549 1111 4598 quum
1127 4543 1199 4584 antea
1214 4545 1301 4592 erecto,
1312 4544 1339 4585 nt
1356 4535 1438 4593 humo,
1450 4533 1537 4584 fuisset.
1600 4555 1605 4566 ·

1037 4607 1111 4658 Flesti
1127 4609 1205 4674 quoad
1218 4614 1361 4668 cummim,
1372 4607 1432 4676 quia
1445 4607 1536 4676 delphi-

1036 4683 1073 4732 nis
1083 4699 1168 4750 corpus
1178 4683 1317 4750 repandum.
