3512 6010
428 797 898 875 Mur-AMORPHOSEON
923 807 1015 874 LlB.
1040 807 1070 874 l.
1210 805 1273 878 121

230 984 322 1058 Haec
333 984 482 1069 domus,
494 984 576 1057 haec
595 983 718 1071 sedes,
730 983 812 1058 haec
826 994 915 1058 sunt
928 985 1138 1082 penetralia
1149 989 1275 1084 magni

228 1100 380 1176 Amnis:
394 1103 433 1175 in
444 1102 530 1186 hoc,
542 1099 712 1174 residens
722 1099 822 1176 facto
830 1100 879 1176 de
889 1102 1063 1176 cautibus
1074 1114 1193 1192 antro,
1202 1109 1276 1181 575

229 1219 351 1293 Undis
358 1219 446 1316 jura
462 1218 589 1306 dabat,
608 1217 877 1317 Nymphisque
890 1220 1108 1294 'colentibus
1123 1223 1257 1324 undas.

228 1334 471 1410 Conveniunt
487 1335 576 1409 illuc
595 1335 790 1435 popularia
806 1336 963 1422 flumina
980 1337 1154 1434 primum,

232 1449 373 1526 Nescia
390 1461 596 1549 gratentur,
616 1452 906 1528 consolenturne
925 1463 1133 1552 parentem,

231 1568 425 1668 Populiser
444 1569 670 1668 Spercheos,
689 1577 729 1642 et
746 1569 971 1666 irrequietus
991 1568 1171 1668 Enipeus
1206 1576 1279 1646 579

232 1685 506 1785 Apidanusque
522 1709 652 1772 senex,
665 1683 838 1781 lenisque
853 1684 1104 1785 Amphrysos,
1116 1695 1155 1760 et
1168 1686 1275 1778 AEas3

234 1801 405 1901 Moxque
422 1827 553 1878 amnes
570 1802 647 1890 alii,
663 1802 743 1901 qui,
763 1825 840 1900 que
857 1803 943 1876 tulit
959 1802 1123 1901 impetus
1141 1799 1237 1890 illos,

234 2079 258 2118 ut
271 2069 302 2118 sd
317 2069 479 2136 fatigationem
496 2071 586 2120 surium
601 2083 649 2119 nou
662 2069 732 2120 modo
782 2069 824 2135 qui
842 2069 923 2118 subter
940 2069 1022 2118 OEtem
1039 2075 1144 2116 montem
1161 2065 1187 2116 in
1204 2065 1281 2118 uiuum

232 2143 401 2208 pernicialem,
412 2144 454 2194 sed
464 2144 536 2194 etium
548 2144 684 2196 remotiores
695 2159 731 2192 re·
782 2143 914 2192 llleliecnm
932 2149 1081 2198 exoneretur,
1098 2148 1123 2190 et
1140 2140 1209 2206 cujus
1224 2141 1283 2207 ripe

232 2218 313 2283 ponet
329 2217 451 2268 eudietnr.
479 2219 553 2268 Iter.
568 2217 642 2267 Trist.
658 2217 732 2267 iffi.
780 2220 869 2282 populis
883 2217 981 2267 consite
999 2215 1072 2264 luisse
1089 2214 1205 2274 videntur,
1221 2217 1283 2266 sicut

225 2294 333 2358 j'utr'gm
342 2309 398 2341 euru
408 2309 468 2342 voce.
784 2292 858 2342 Penei
864 2291 946 2342 lauris.
966 2291 1071 2354 Enipeus
1076 2307 1105 2339 ex
1117 2299 1195 2338 monte
1205 2291 1282 2356 Othry

265 2369 321 2416 ott.
335 2365 493 2429 Penetrulr'u]
510 2367 622 2422 Antrum,
638 2379 668 2414 ex
684 2380 732 2430 quo
780 2367 909 2416 Thessalis
921 2365 1024 2433 profluit.
1056 2364 1142 2430 Virgil.
1152 2365 1240 2430 Georg.
1251 2365 1284 2415 iv.

234 2441 320 2492 fluvius
340 2441 452 2506 erumpit,
468 2439 542 2506 poetis
560 2437 647 2489 dicitur
667 2439 734 2504 regia
782 2442 839 2490 368.
852 2450 949 2491 vocetur
956 2441 1019 2488 attur
1029 2439 1138 2501 Enipeus.

235 2515 307 2574 fluvii,
323 2523 349 2566 et
365 2515 435 2564 sedes
451 2514 625 2581 Nympharum.
657 2515 688 2562 In
705 2529 734 2563 eo
814 2517 871 2566 680.
889 2517 1017 2579 Apidanus,
1029 2521 1128 2578 eccepto
1140 2511 1282 2564 udPherse·

236 2606 301 2655 porro
317 2599 385 2640 untro
405 2589 498 2656 lingunt
516 2589 643 2646 thalamos,
662 2603 732 2654 peue-
782 2590 818 2640 lou
827 2591 929 2656 Enipeo,
941 2588 965 2638 in
974 2589 1080 2638 Peneum
1091 2586 1206 2637 illabitur.
1233 2591 1281 2640 Vo-

237 2663 312 2720 trulie,
333 2672 357 2712 et
377 2662 483 2728 reliquus
506 2663 623 2728 regiarum
643 2671 733 2728 pestes.
783 2661 1234 2728 naturmus(1nfnii.2lc‚t²ems
1252 2681 1294 2713 ιο..

235 2738 282 2787 Sed
302 2738 377 2788 Penei
395 2738 464 2788 sedes
479 2737 510 2788 ud
532 2740 644 2800 dejectum
665 2736 734 2785 illum
783 2737 922 2803 use,)quod
937 2737 996 2786 Iutt.
1008 2735 1131 2803 occipiunt
1145 2752 1187 2802 pro
1201 2737 1286 2788 leniter

236 2813 371 2864 collocetur.
404 2814 454 2862 Cur
467 2821 547 2862 autem
561 2819 631 2877 poete
645 2809 683 2859 hie
698 2820 734 2860 tot
783 2813 883 2874 fluente;
900 2828 976 2878 esque
987 2811 1108 2876 interpret.
1119 2809 1191 2860 etiem
1202 2811 1227 2861 in
1238 2829 1285 2862 nno

236 2888 335 2936 vocebb.
345 2885 510 2944 cumulaverit,
520 2895 593 2951 etque
607 2885 667 2934 adeo
678 2900 735 2934 enu-
783 2888 863 2939 Vetie.
874 2886 935 2936 eor.
945 2885 1049 2951 useriptu
1065 2894 1110 2935 est.
1137 2885 1177 2935 Sic
1197 2887 1283 2937 Senec.

237 2959 309 3026 phore
326 2958 527 3016 submonitum
542 2958 642 3025 reperio.
669 2959 736 3007 Num
784 2959 854 3012 Med.
867 2963 997 3010 {ileum
1009 2960 1096 3017 Bootes,
1107 2957 1148 3025 qui
1160 2959 1227 3010 terde
1236 2977 1286 3012 mo·
1320 2963 1322 2968 ’

238 3035 341 3094 miretur,
353 3036 426 3084 telem
442 3034 562 3100 dejectum
576 3035 670 3101 placere
683 3049 735 3082 me·
785 3045 863 3086 vetur.
882 3036 929 3086 Sed
940 3035 981 3086 ubi
991 3034 1118 3101 Apidanus
1133 3035 1286 3102 irrequietum

238 3124 283 3172 gno
303 3109 395 3158 Amnil
415 3108 509 3176 Magni,
530 3107 595 3174 μέγα
613 3109 695 3173 χεῦμα
713 3106 737 3156 ei
786 3109 904 3176 Enipeum
919 3108 1186 3175 accepitsutisrupide
1198 3111 1284 3160 currit:

238 3184 318 3233 tribuit
330 3184 474 3234 Cullimech.
486 3183 510 3232 h.
521 3183 645 3232 Delllo.
658 3191 683 3232 et
697 3181 734 3231 in·
784 3185 875 3235 Lucan.
889 3185 923 3236 vi.
942 3186 999 3234 ³72.
1033 3184 1119 3234 Mulim
1137 3191 1193 3250 'ergo
1212 3203 1286 3236 mem

238 3257 328 3307 terdum
340 3258 392 3308 κατ’
407 3259 500 3324 ἐξοχὴν
509 3257 697 3323 diciturfluvius.
784 3274 847 3310 nune
859 3257 1117 3323 vetustumantiquum
1127 3258 1286 3326 interpretari,

270 3334 327 3382 576.
344 3333 407 3381 Juru
422 3335 488 3390 dure,
504 3331 626 3398 imperare.
661 3331 734 3395 Nym·
785 3335 802 3386 i.
813 3351 837 3385 s.
849 3333 1018 3401 entiquissiuris
1034 3334 1179 3400 temporibus
1196 3347 1287 3396 notum,

239 3407 380 3468 vlinPeoei
391 3407 493 3455 filiabus·
520 3403 738 3456 Cfffhfflssd·
785 3419 810 3462 et
819 3410 913 3460 nomine
921 3411 1070 3475 insignitum.
1091 3410 1192 3475 Dionys.
1201 3411 1289 3477 Geogr.

239 3483 311 3542 iffi,
328 3480 598 3532 Callimachdlver.
613 3481 667 3529 109.
700 3480 737 3528 Ex
787 3487 846 3534 417.
868 3484 976 3551 ὡγύγως
998 3482 1096 3540 Λάδων,
1114 3483 1156 3532 nbi
1177 3485 1288 3536 Enetum,

241 3555 443 3610 hismernornbilis
451 3553 739 3622 cyrenevirgilmeorg.

242 3630 274 3680 ir.
284 3632 342 3680 321.

272 3709 328 3756 stt.
347 3705 497 3769 Populariu]
521 3707 583 3764 Qum
603 3713 659 3754 sunt
676 3702 739 3769 ejus·

240 3783 294 3832 dem
309 3793 385 3839 terre,
396 3797 482 3847 nempe
494 3779 645 3828 Theseulicae.
679 3777 738 3827 ceu-

241 3860 346 3907 unium.
377 3852 739 3919 levamussdl’ompmtel.

240 3931 266 3981 ii.
282 3934 298 3982 3
316 3940 377 3981 extr.
396 3929 484 3996 accipit
501 3945 551 3995 pro,
568 3927 739 3992 ingrediuntur,

241 4006 340 4072 ideoque
359 4003 511 4070 reprehendit
526 4013 628 4068 poclum,
643 4001 700 4066 quie
716 4009 741 4050 et

241 4081 377 4147 Spercheos,
389 4087 414 4128 et
423 4077 579 4143 Amphrysos,
589 4085 613 4126 et
625 4079 684 4126 AEus
694 4075 741 4126 ulio

242 4165 406 4204 exonerentur.
439 4152 487 4202 Sed
502 4155 623 4202 conuenire
638 4151 676 4200 hic
694 4166 740 4199 non

242 4247 292 4280 erse
307 4231 414 4286 influere,
425 4227 536 4285 ostendit,
547 4226 610 4293 quod
622 4226 738 4292 sequitur,

246 4307 340 4369 Musque
356 4322 433 4354 omues
449 4305 500 4356 ulii.
528 4303 580 4351 lmo
598 4303 741 4352 conveniunt

245 4379 293 4436 Dii,
304 4379 417 4446 presides
425 4378 560 4436 dluviorum.
573 4377 598 4426 in
614 4386 682 4425 antro
694 4376 740 4424 Pe·

245 4455 280 4502 nei
306 4454 345 4503 vel
370 4451 516 4520 grutulendi,
538 4451 577 4502 vel
603 4450 740 4500 consolandi

244 4543 326 4576 cause.

276 4603 332 4652 ⁵79.
347 4601 490 4665 speratam]
509 4600 549 4650 lta
559 4595 741 4663 dictnssurrip·

246 4694 307 4740 χειν,
318 4676 438 4728 festinare.
464 4675 561 4725 Florius
571 4671 742 4739 rupidiesimus,

788 3558 897 3625 ὠγύγιον
907 3557 931 3608 δὲ
942 3557 1017 3625 λέγει,
1029 3557 1069 3608 διὰ
1085 3559 1134 3619 τὴν
1145 3561 1202 3624 περὶ
1211 3561 1288 3611 αὑτοῦ

787 3633 979 3701 ἀρχαιολογίαν.
1010 3634 1105 3684 Cullim.
1126 3633 1150 3682 h.
1166 3635 1221 3684 Jov.
1240 3637 1286 3685 40:

789 3709 962 3758 emmeram
989 3706 1061 3772 ὕδωρ,
1082 3714 1106 3756 et
1126 3705 1149 3755 h.
1170 3708 1226 3758 Del.
1249 3710 1289 3761 71.

788 3781 867 3850 ylpuv
878 3783 991 3842 Φενωός.
1024 3781 1135 3840 Accedit,
1143 3782 1207 3846 quod
1217 3783 1289 3834 Vete-

789 3873 826 3908 res
836 3859 920 3908 fluvios
934 3874 981 3907 non
992 3856 1070 3906 minus
1079 3872 1151 3921 quarn
1163 3858 1288 3910 Oceanum

789 3933 834 3982 sub
844 3931 986 3997 sentreffigie
995 3931 1204 3996 representebunt
1225 3933 1289 3983 Hinc

790 4023 845 4056 mox
855 4009 914 4058 645.
925 4009 999 4056 unior
1012 4004 1120 4055 leuchus.
1154 4007 1290 4073 Amphrysos

789 4098 843 4130 eum
850 4082 978 4130 Thessalis
990 4089 1080 4148 purtem
1088 4080 1228 4146 perfluebat,
1235 4100 1289 4149 que

790 4155 911 4205 Phthiotis
924 4155 1057 4205 dicebatur.
1087 4155 1151 4212 AEus,
1161 4157 1202 4220 qui
1211 4157 1292 4208 Plinio

792 4230 824 4278 ll.
841 4230 874 4278 N.
889 4229 924 4278 iii.
944 4231 987 4278 2³.
1009 4230 1069 4278 Aous
1089 4227 1185 4287 dicitur,
1205 4231 1291 4282 fluvius

792 4319 879 4369 pervus
893 4312 917 4352 et
931 4303 1077 4370 purissimus,
1088 4313 1112 4352 et
1123 4303 1194 4371 Epiro
1204 4307 1291 4368 proflu-

791 4394 843 4435 ens,
850 4388 876 4428 et
885 4395 927 4445 per
934 4378 1081 4428 Thessaliam
1089 4377 1113 4426 iu
1123 4378 1215 4426 lonium
1225 4395 1290 4430 mure

791 4469 817 4502 ee
829 4452 968 4502 immittent.

824 4529 880 4576 tul.
898 4527 1007 4589 impetur,
1016 4526 1062 4582 vis,
1074 4525 1196 4591 rapidites,
1207 4527 1291 4576 tribui-

791 4611 829 4653 tur
853 4601 998 4658 llnminibns,
1019 4601 1088 4658 mari,
1108 4599 1192 4656 ventu,
1212 4603 1290 4652 coelu:

791 4676 847 4728 ride
858 4677 941 4728 Burm.
951 4675 982 4728 ed
993 4675 1088 4726 Phndr.
1098 4674 1132 4726 iii.
1144 4672 1202 4741 prol.
1214 4677 1255 4726 59.
