3468 5994
414 761 999 830 uarauoaruosaou-mn.
1023 763 1065 829 v.
1193 757 1259 832 aas
1291 719 1296 736 ’

208 951 231 980 “
252 938 420 1026 Vincis,”
445 939 509 1024 ait,
542 947 566 976 “
586 937 751 1028 Perseu;
793 963 941 1015 remove
972 939 1050 1014 fera
1077 951 1254 1028 monstra,

358 1065 510 1154 tuaeque
1181 1061 1255 1132 216

209 1174 396 1249 Saxificos
412 1174 551 1259 vultus,
571 1196 809 1271 quaecunque
827 1197 885 1262 ea,
904 1175 994 1249 tolle
1014 1174 1197 1249 Medusae.

208 1291 316 1366 Tolle
335 1314 493 1391 precor;
523 1313 597 1364 non
616 1315 684 1365 nos
700 1291 841 1376 odium,
862 1293 1013 1388 regnive
1031 1293 1171 1392 cupido

210 1407 406 1507 Compulit
422 1407 471 1480 ad
488 1406 651 1480 bellum:
672 1430 741 1505 pro
758 1410 920 1506 conjuge
938 1409 1121 1484 movimus
1140 1434 1255 1486 arma.

210 1525 339 1598 Causa
348 1523 420 1598 fuit
434 1523 575 1598 meritis
589 1523 721 1599 melior
735 1536 812 1612 tua,
829 1537 999 1624 tempore
1013 1537 1161 1602 nostra:
1183 1535 1258 1601 220

211 1641 298 1717 Non
316 1641 478 1716 cessisse
495 1640 620 1739 piget3
651 1641 756 1731 nihil,
774 1667 798 1715 o
815 1643 1030 1731 fortissime,
1049 1654 1186 1742 praeter

210 1757 319 1834 Hanc
338 1757 501 1833 animam
519 1760 686 1834 concede
704 1759 818 1835 mihi:
847 1770 913 1835 tua
926 1771 1055 1835 cetera
1072 1761 1220 1835 sunto.''

209 1875 317 1952 Talia
333 1876 488 1963 dicenti,
506 1901 632 1974 neque
649 1903 749 1966 eum,
768 1901 884 1975 quem
901 1902 994 1953 voce
1012 1879 1181 1974 rogabat,

211 1991 418 2092 Respicere
449 1995 615 2082 audenti,
654 2005 678 2034 ‘⁴
699 1993 849 2082 Quod,”
879 1996 944 2084 ait,
982 1995 1259 2069 “timidissime

361 2109 522 2199 Phineu,
1186 2113 1259 2183 224

212 2225 263 2301 Et
280 2252 435 2326 possum
454 2228 642 2315 tribuisse,
659 2239 700 2302 et
717 2251 896 2325 magnum
916 2250 1051 2301 munus
1066 2227 1176 2302 inerti
1189 2239 1259 2314 est,

212 2341 318 2419 Pone
336 2355 493 2432 metum,
512 2345 695 2419 tribuam:
724 2344 827 2419 nullo
845 2343 1033 2418 violabere
1049 2343 1158 2418 ferro.

212 2460 314 2545 Quin
332 2463 445 2537 etiam
462 2485 639 2536 mansura
655 2461 755 2534 dabo
774 2471 1018 2534 monumenta
1035 2485 1103 2560 per
1120 2485 1258 2548 aevum;

212 2575 335 2675 Inque
353 2579 465 2652 domo
483 2578 604 2654 soceri
622 2602 771 2677 semper
787 2579 1012 2677 spectabere
1031 2576 1160 2663 nostri,

214 2694 268 2767 Ut
285 2719 370 2770 mea
388 2721 428 2770 se
447 2697 576 2795 sponsi
592 2696 733 2770 soletur
750 2695 914 2792 imagine
932 2695 1110 2793 conjux.”
1187 2698 1261 2767 229

214 2811 342 2888 Dixit:
371 2814 465 2888 etin
484 2824 629 2913 partem
647 2811 892 2912 Phorcynida
909 2813 1100 2886 transtulit
1119 2812 1233 2898 illam,

212 2927 271 3003 Ad
291 2954 404 3027 quam
424 2955 465 3004 se
482 2929 630 3029 trepido
648 2929 817 3004 Phineus
836 2930 1051 3003 obverterat
1068 2951 1144 3002 ore.

212 3043 319 3120 Tunc
338 3070 492 3144 quoque
509 3046 661 3121 conanti
680 3071 749 3120 sua
766 3047 919 3120 flectere
937 3045 1091 3131 lumina,
1110 3044 1237 3118 cervix

215 3163 391 3262 Diriguit‚
404 3188 575 3262 saxoque
589 3165 782 3239 oculorum
793 3163 961 3238 induruit
973 3163 1118 3237 humor.
1139 3161 1260 3260 [plex‚

214 3280 290 3354 Sed
307 3292 435 3356 tamen
450 3306 492 3354 os
507 3281 693 3368 timidum,
709 3280 910 3378 vultusque
924 3280 962 3352 in
978 3301 1160 3352 marmore
1174 3303 1262 3376 sup-

215 3383 499 3497 Submissaeqne
518 3423 664 3487 manus,
683 3398 877 3497 faciesque
892 3397 1057 3472 obnoxia
1074 3395 1226 3470 mansit.

213 3691 287 3740 quum
301 3675 479 3740 obstupefactus
495 3674 579 3740 pedem
596 3683 657 3724 retro
667 3675 712 3723 fer·
763 3689 810 3723 non
831 3681 911 3740 negat,
934 3675 1037 3721 tribrrbse
1057 3687 1126 3738 posse
1146 3671 1199 3736 capi
1222 3687 1264 3738 pro

213 3758 256 3806 ret,
272 3749 421 3826 ultrunpue,
439 3763 469 3798 ne
489 3757 627 3806 mutaretur,
646 3765 712 3798 aver-
763 3747 872 3798 tribum,
909 3749 962 3796 Hoc
985 3747 1043 3796 forte
1065 3745 1157 3794 melius.
1180 3746 1264 3796 Horat.

212 3831 281 3872 teret.
316 3823 376 3872 rm
392 3833 501 3878 manum,
516 3825 611 3888 κεφαλὴ
625 3821 713 3874 δεινοῖο
764 3823 796 3871 Δ.
804 3823 835 3870 Ρ.
850 3831 939 3884 pmeror
956 3824 1044 3878 duim,
1062 3819 1149 3868 dicere.
1182 3819 1214 3868 Et
1229 3818 1265 3868 ite

213 3899 337 3962 πιλόρου,
357 3899 387 3947 ll.
408 3901 436 3948 a.
456 3899 514 3946 tar.
547 3899 667 3961 Saxificae,
688 3899 713 3948 in
763 3896 861 3961 passim.
899 3896 1185 3958 nemausensem.
1218 3893 1264 3940 fe·

212 3987 296 4021 eumn
311 3981 466 4033 camertem
482 3987 527 4021 vox
540 3971 714 4030 abOvidio,ut
764 3983 828 4017 mere
850 3969 896 4018 lroc
917 3969 1041 4029 additum
1062 3967 1150 4017 etenim
1170 3967 1264 4016 Andro-

211 4047 714 4111 ridetur,factndformamror'rualmfiear.
764 4044 836 4092 meda
856 4059 910 4092 mor
933 4043 1084 4110 relinquebat
1102 4059 1157 4092 orm
1179 4043 1265 4092 Perseo

244 4123 302 4171 nl.
321 4121 374 4171 Non
391 4126 476 4172 eosdm
491 4121 578 4188 piget]
613 4123 665 4179 Me,
678 4123 714 4171 in·
764 4126 888 4182 paternam
899 4117 1006 4167 domum.

212 4197 265 4262 queit
280 4197 395 4255 Phineus,
406 4197 508 4264 poenitet
523 4197 566 4246 tibi
582 4197 713 4246 Androme-
795 4194 854 4241 230.
871 4192 1033 4257 Phoronide]
1060 4193 1200 4257 Phorcynis,
1211 4193 1265 4241 Me-

211 4271 268 4320 dam
288 4285 336 4320 non
353 4269 495 4336 permisisse.
537 4271 604 4319 Nihil
623 4279 713 4332 praten
763 4266 824 4315 dura
835 4266 920 4316 Phorci
932 4266 989 4315 alia

210 4355 258 4396 cte·
286 4347 345 4396 AEn.
362 4346 405 4395 rii.
424 4350 473 4394 rinc
494 4347 553 4395 harre
572 4348 672 4394 animam
691 4356 713 4394 et
795 4343 853 4391 235.
869 4342 993 4398 mamma,
1011 4343 1138 4408 supplices.
1172 4340 1264 4396 Cicero,

210 4423 448 4484 mimmrpreeentir.
764 4433 806 4481 pro
816 4416 901 4466 Plane.
916 4418 960 4465 102
979 4417 1228 4474 tdbmarmmlmtn
1244 4423 1265 4463 rt

244 4499 303 4547 ἥδ.
322 4496 446 4560 Etpastum
455 4499 568 4553 tribulare,
576 4495 637 4560 etc]
650 4497 713 4544 Len-
764 4493 899 4555 nrppliroai.
945 4491 1059 4540 Obrwriur
1079 4505 1143 4539 nunc
1165 4488 1266 4555 proprie,

211 4573 262 4622 zius
273 4571 419 4638 interpungr't
429 4581 483 4638 poet
491 4587 595 4634 pamm
611 4573 715 4619 mbram
764 4567 805 4632 qui
814 4567 924 4616 conscius
933 4565 978 4614 sibi
988 4565 1057 4614 male
1067 4564 1173 4614 relaedit
1183 4563 1263 4612 elteri:

210 4655 293 4696 entem
308 4645 433 4712 conjungit
449 4661 504 4696 eum
514 4661 565 4710 req.
576 4657 714 4710 quenquam
766 4641 814 4691 vid.
827 4641 896 4691 Perei
908 4640 988 4690 Lenie¹
999 4640 1051 4689 crit.
1063 4639 1115 4689 boc.
1127 4655 1149 4686 r.
