3552 5984
277 782 282 790 '
352 801 420 868 on
444 797 608 867 onnon
632 795 1124 903 Moramonrnosnon.
1195 804 1264 872 nos
1351 822 1352 829 Ν

215 975 265 1039 vii.
291 975 356 1039 538
379 997 448 1061 sqq.
475 972 608 1038 modum
635 971 782 1036 servavit.
829 970 965 1036 Rectius
994 984 1082 1039 certe
1110 977 1262 1044 abessent
1381 1017 1383 1022 ,

216 1092 279 1172 ilia,

371 1243 439 1304 Non
452 1265 521 1324 aper
534 1243 617 1303 irasci
630 1241 783 1313 meminit;
803 1262 857 1303 neo
870 1241 958 1304 fidere
971 1263 1057 1305 eursu

371 1355 473 1426 Gerra,
487 1376 541 1416 nec
553 1355 691 1416 armentis
703 1355 849 1416 incurrere
861 1355 983 1417 fortibus
996 1357 1064 1417 ursi.

259 1589 386 1676 Inepte,
400 1587 433 1654 ii.
450 1587 515 1653 206
529 1611 599 1674 sqq.
615 1587 649 1652 in
664 1587 786 1653 aethere
801 1587 924 1653 declivo
938 1589 1069 1674 uiasque
1079 1593 1264 1680 praedpites

219 1710 320 1797 fingit,
336 1731 397 1775 neo
415 1709 461 1774 riri
481 1707 553 1788 133,
568 1707 739 1794 manifesto
759 1717 840 1773 rotae
855 1709 992 1796 uestigio
1011 1732 1081 1776 esse
1100 1696 1263 1797 poterant,

219 1831 274 1895 sed
292 1807 486 1894 luxuriantis
507 1827 627 1914 ingenii
645 1827 700 1893 illa
719 1838 805 1892 sunt.
850 1827 993 1895 Tristem
1012 1829 1105 1895 nobis
1127 1842 1161 1897 et
1180 1855 1265 1899 oom-

218 1949 420 2014 miseratione
440 1946 658 2033 dignissimam
679 1925 847 2012 dctaeonis
870 1957 980 2012 namot
1003 1958 1131 2027 sortem,
1152 1953 1210 2016 sed
1231 1964 1265 2020 et

219 2071 270 2137 hic
291 2067 386 2148 ludit,
402 2069 445 2135 iii.
465 2071 536 2148 199,
542 2069 639 2158 sugit
653 2067 849 2134 Autonoeius
865 2067 969 2145 term,
985 2067 1034 2132 Et
1052 2091 1086 2133 se
1105 2079 1170 2135 tom
1186 2075 1266 2139 cele·

219 2214 282 2256 ron
300 2213 396 2254 eursu
417 2187 599 2253 miratorio
617 2188 698 2274 ipm.
743 2183 878 2272 Frigida
897 2189 972 2249 s'unt
991 2183 1045 2250 illa
1064 2190 1266 2257 acumina.—

175 2322 179 2338 '
219 2309 261 2374 iii.
278 2309 353 2387 425,
375 2307 417 2373 de
436 2305 593 2372 Narcisso
615 2327 649 2371 se
669 2306 774 2392 ipsum
793 2317 930 2382 amante,
948 2305 981 2368 et
999 2303 1054 2390 qui
1069 2308 1192 2392 probat
1213 2311 1267 2376 ille

216 2427 385 2514 probatur,
411 2420 561 2510 Dumque
580 2424 678 2511 petit,
700 2423 836 2510 petitur,
857 2421 1048 2509 pur-iterque
1075 2423 1212 2491 incendit
1235 2439 1268 2494 et

220 2545 321 2610 ardet.
369 2543 545 2620 Eumdem,
561 2539 619 2608 ubi
639 2563 781 2607 errorem
802 2564 895 2606 suum
912 2541 1053 2627 agnovit,
1070 2543 1115 2609 sio
1134 2543 1267 2632 loquen·
1386 2583 1390 2592 ,

221 2673 284 2729 tem
298 2684 365 2728 ver.
383 2659 458 2738 454,
473 2658 615 2725 inducit:
638 2657 800 2723 Flammas
814 2679 981 2744 moveoque
990 2660 1140 2747 seroque.
1183 2664 1272 2737 Quid

210 2782 365 2868 socium?
386 2799 494 2867 roger,
509 2801 590 2843 anae
609 2781 743 2865 rogem?
764 2778 844 2864 quid
859 2775 972 2846 deinde
989 2781 1136 2866 rogabo?
1176 2781 1273 2856 Quod

221 2899 313 2987 cupio
328 2921 445 2964 meeum
460 2907 517 2974 est,
533 2898 656 2984 inopem
676 2920 724 2961 me
738 2885 833 2983 eopia
842 2897 951 2982 feeit:
971 2898 1018 2961 ita
1034 2919 1098 2962 non
1116 2898 1198 2966 solet
1213 2901 1269 2968 de·

223 3017 363 3105 speratio
382 3014 538 3082 lascivire.
584 3013 675 3082 idem
689 3038 755 3080 ver.
774 3014 853 3080 505:
882 3015 964 3080 Tum
983 3039 1105 3103 quoque
1124 3001 1271 3107 serost-

223 3161 316 3223 quom
330 3145 378 3200 est
393 3133 520 3220 irffemo
533 3133 607 3199 sede
620 3119 775 3219 receptum,
791 3130 832 3197 Iu
847 3131 967 3221 Stygio
981 3120 1147 3220 spectabat
1161 3162 1248 3224 aqua
1258 3167 1271 3205 .·

222 3257 254 3320 in
272 3253 387 3320 limosa
407 3251 463 3317 ills
484 3250 605 3338 palude
627 3273 693 3316 non
715 3260 844 3337 poterat
865 3251 1034 3337 quisquam
1057 3276 1092 3319 se
1111 3269 1268 3341 spectare.

222 3370 350 3440 'I'nisbe
370 3373 403 3437 in
420 3393 543 3437 summa
562 3371 798 3460 desperatione,
813 3371 854 3436 iv.
876 3355 951 3451 152,
958 3373 1048 3459 justo
1063 3375 1208 3462 argutius
1223 3377 1272 3444 di-

222 3495 277 3572 cit,
299 3475 416 3579 quique
438 3515 460 3556 u
482 3513 531 3556 me
552 3501 652 3556 morte
672 3491 782 3582 reuelli
800 3489 878 3555 Heu
898 3491 969 3555 solo
982 3501 1128 3578 poteras,
1146 3497 1273 3581 poteris

223 3638 279 3678 nee
301 3619 401 3677 morte
425 3610 543 3675 reuelli.
589 3606 709 3676 Parum
732 3608 851 3698 placet,
871 3611 924 3674 vii.
948 3609 1024 3688 339,
1047 3610 1169 3698 duplex
1191 3612 1272 3680 illud

224 3752 413 3818 oxymoron,
428 3737 463 3793 ut
480 3727 685 3814 quaeqtoepio
701 3729 950 3805 estimatione
966 3727 1065 3814 impio
1077 3730 1188 3816 ptimo
1204 3741 1252 3798 eut
1261 3760 1273 3798 :

225 3837 337 3927 Et,'ne
352 3849 396 3913 sit
411 3845 676 3932 seeleroto‚'sooit
693 3845 804 3910 scelus.
851 3843 918 3931 Ipsi
938 3855 1045 3910 autem
1063 3856 1152 3911 tanto
1170 3829 1272 3936 magis

225 3967 434 4054 placuerunt3
457 3967 597 4051 repetita
619 3965 703 4030 enim
724 3961 766 4029 ab
789 3987 828 4030 eo
853 3974 927 4029 sunt
945 3976 1079 4050 quater:
1104 3964 1155 4032 Cf.
1172 3967 1217 4032 iii.
1233 3971 1272 4050 55
1316 4017 1323 4026 .

226 4087 287 4152 viii.
307 4088 392 4165 477;
416 4085 460 4150 ix.
479 4085 553 4149 408.
592 4083 666 4158 Neo
685 4081 815 4169 placent
835 4081 872 4147 hi
888 4082 989 4163 lusus,
1005 4083 1046 4151 vi.
1068 4085 1143 4164 560,
1163 4085 1275 4176 lingua

226 4217 350 4271 resecta
369 4205 504 4270 moriem
522 4205 655 4269 domno
674 4205 812 4293 uestigio
832 4205 957 4290 querit,
973 4215 1006 4270 et
1021 4229 1115 4272 versu
1130 4207 1205 4286 708,
1220 4233 1276 4276 vo·

226 4323 323 4390 lando
339 4323 457 4389 Boreae
478 4333 624 4401 arserunt
643 4325 763 4412 agitati
773 4323 901 4408 fortius
917 4324 1016 4412 ignes.
1056 4325 1124 4400 Qui
1143 4327 1275 4415 proprie

227 4443 379 4509 dicuntur
405 4443 509 4530 ignes,
530 4441 669 4508 volando
697 4441 827 4529 quidem
852 4443 1027 4509 ardescunt
1056 4444 1181 4523 fortius,
1210 4470 1275 4512 non

228 4572 335 4627 autem
358 4559 417 4639 illi,
438 4585 519 4648 quos
540 4584 625 4628 nunc
648 4569 747 4646 poeta
769 4559 1029 4648 intelligit—xii.
1049 4563 1123 4642 614,
1145 4563 1277 4650 praecla-

230 4701 301 4746 rum
316 4691 528 4766 praecesserat
539 4679 765 4766 epiphonema,
777 4681 830 4746 cui
841 4691 948 4747 autem
959 4681 1047 4746 lusus
1058 4683 1276 4768 ineptissimus
