3522 6012
363 777 365 784 ’
446 785 914 854 ME'I'AMORPHOSEON
938 786 1029 854 LIB.
1054 787 1117 854 Vl.
1240 791 1306 858 Μ

238 1039 240 1050 ,
262 958 294 1032 Α
313 960 451 1057 quibus
470 961 518 1036 ad
536 962 674 1036 coelurn
688 961 840 1038 liventia
856 961 1009 1039 brachia
1022 965 1195 1052 tendens,

260 1084 284 1114 ‘⁶
304 1075 480 1164 Parcere,
495 1078 671 1168 crudelis,
690 1088 830 1165 nostro,
850 1077 1005 1166 Latona,
1021 1079 1161 1168 dolore,
1229 1086 1304 1156 280

258 1191 453 1288 [Poscere
471 1196 536 1284 ait,
555 1197 728 1294 satiaque
745 1220 829 1270 meo
846 1207 913 1270 tua
929 1208 1085 1296 pectora
1100 1197 1235 1292 luctu]

259 1309 412 1410 Corque
426 1311 545 1387 ferum
563 1311 695 1398 satia,’'
714 1312 834 1386 dixit:
856 1319 880 1350 “
899 1335 967 1412 per
984 1311 1114 1388 funera
1131 1325 1277 1413 septem

258 1423 424 1503 Efferor:
454 1423 595 1515 exulte,
614 1428 825 1525 victrixque
842 1427 993 1506 inimica
1009 1429 1210 1530 triumpha.
1366 1417 1367 1423 ¹

181 1581 184 1590 ν
258 1542 338 1616 Cur
355 1555 481 1620 autem
499 1543 658 1620 victrix?
686 1546 831 1620 miserae
853 1545 945 1621 milri
962 1547 1071 1646 plura
1087 1545 1301 1647 supersunt,

257 1657 381 1743 Quam
394 1659 468 1734 tibi
483 1661 606 1736 felici:
626 1673 714 1761 post
730 1671 787 1736 tot
803 1685 956 1761 quoque
973 1663 1103 1738 funera
1118 1663 1265 1739 vineo.·”

257 1776 437 1852 Dixerat:
465 1779 632 1855 insonuit
648 1789 827 1854 contento
843 1805 978 1855 nervus
996 1781 1045 1855 ab
1062 1804 1172 1868 arcu;
1222 1784 1300 1856 ‘286

256 1893 343 1982 Qui,
362 1907 498 1995 proeter
516 1897 667 1974 Nioben
681 1923 807 1985 unam,
825 1897 1030 1972 conterruit
1046 1919 1198 1973 omnes:

256 2007 327 2086 Illa
344 2008 442 2088 malo
460 2023 519 2088 est
536 2014 674 2090 audax.
704 2013 865 2089 Stabant
881 2038 969 2089 oum
980 2014 1148 2088 vestibus
1165 2013 1257 2088 atris

254 2126 355 2204 Ante
372 2141 473 2204 toros
490 2130 647 2206 fratrum
664 2123 830 2206 demisso
845 2130 949 2206 crine
966 2153 1132 2206 sorores:

255 2242 288 2319 Ε
306 2245 444 2343 quibus
462 2270 549 2333 una,
568 2245 721 2322 trahens
738 2246 918 2322 haerentia
931 2247 1074 2322 viscere
1091 2248 1180 2333 tela,
1223 2249 1298 2322 290

254 2360 438 2461 Imposito
454 2363 558 2437 fratri
575 2363 799 2438 moribunda
813 2362 1000 2460 relanguit
1015 2387 1100 2440 ore:

251 2477 394 2568 Altera,
414 2479 526 2556 soleri
543 2480 718 2556 miseram
731 2489 869 2554 conata
884 2489 1091 2578 parentem,

253 2595 449 2670 Conticuit
465 2596 601 2683 subito,
620 2597 888 2696 duplicataque
904 2595 1057 2670 vulnere
1072 2617 1172 2670 caeoo
1189 2604 1268 2682 est3

213 2737 216 2742 ·
252 2711 426 2810 [Oraque
438 2714 674 2813 compressit,
689 2713 767 2788 nisi
779 2726 981 2813 postquam
998 2711 1149 2812 spiritus
1167 2710 1279 2805 exit]
1355 2759 1358 2766 ι

252 2825 348 2904 Haeo
365 2830 504 2906 frustra
519 2831 666 2930 fugiens
683 2831 903 2921 collabitur;
931 2830 997 2906 illa
1013 2829 1128 2904 sorori
1220 2831 1294 2904 295

282 3089 421 3138 280—282.
436 3086 542 3154 Parme,
552 3088 615 3152 ete]
634 3089 748 3140 Heinius
796 3089 903 3145 usdunt,
921 3096 994 3154 atque
1011 3089 1098 3138 Noster
1112 3086 1172 3154 ipse,
1184 3103 1231 3138 ver.
1244 3087 1292 3135 215

250 3163 342 3214 tensuit
357 3163 488 3213 tollendum
501 3179 591 3214 rmum
606 3165 664 3214 888.
674 3179 746 3230 quern
795 3180 851 3230 sqq.
863 3163 927 3213 baud
937 3163 1035 3212 obscure
1050 3161 1147 3212 indicat.
1170 3159 1294 3210 Perierunt

248 3237 376 3288 oommenti
392 3237 447 3295 sint,
458 3237 500 3303 qui
517 3255 563 3288 non
578 3237 746 3298 intellexerint,
796 3249 875 3290 sutem
886 3239 943 3295 ille,
954 3235 1025 3288 etiarn
1037 3237 1140 3286 Homero
1152 3245 1255 3292 suctora,
1267 3232 1291 3284 in

248 3322 366 3378 quantum
378 3321 441 3362 esset
454 3311 572 3362 acuminis
584 3312 610 3361 in
620 3311 670 3370 illo,
683 3313 746 3380 Effe·
795 3312 869 3377 regis.
903 3309 1009 3362 Nomine
1025 3325 1106 3360 esrum
1121 3308 1223 3360 Ovidius
1237 3307 1293 3358 reti·

247 3403 302 3445 reu,-
320 3397 371 3444 aut,
383 3387 404 3435 si
419 3385 473 3452 quis
484 3385 641 3452 mulit,posse
656 3403 745 3457 prece·-
795 3397 842 3436 cat.
869 3387 953 3436 Portas
962 3383 1290 3451 llrebarumsbiisesseap·

247 3461 342 3510 &uteru
353 3461 437 3510 tuen.
455 3461 554 3510 Certum
563 3469 608 3518 est,
619 3477 666 3510 uon
676 3477 743 3528 posse
794 3460 904 3526 pellates,
916 3469 995 3510 narrat
1006 3458 1096 3525 Hygia·

247 3547 373 3600 utrumque
383 3548 476 3585 versum
490 3533 644 3591 Pusesrmtt,
653 3543 678 3584 et
687 3535 742 3584 Cor·
825 3537 882 3586 288.
892 3537 955 3584 Atre
965 3545 1033 3584 usstes
1047 3533 1073 3584 iu
1083 3535 1148 3584 luctu
1164 3533 1289 3584 mulierum

246 3625 299 3673 pse,
316 3618 365 3659 ete.
385 3607 514 3672 genuinum
536 3624 598 3656 esse.
631 3609 743 3658 Heinsius
792 3608 932 3672 priscarum.
966 3607 1030 3659 Vide
1048 3607 1217 3664 thlulmumr,
1233 3608 1289 3656 His·

245 3683 398 3750 posteriorem
418 3681 486 3732 uncis
505 3681 610 3740 inclusit,
628 3698 673 3746 ego
693 3682 742 3748 pri·
793 3684 849 3732 toirs
865 3685 894 3732 ds
910 3682 973 3732 l’Art
988 3683 1039 3732 cles
1055 3681 1287 3746 termimum.

245 3774 319 3814 orem,
328 3757 433 3822 quiaille
441 3755 555 3812 eeerb'sor,
565 3765 589 3805 et
596 3755 743 3822 quiseffsros·
793 3755 893 3806 Demisso
909 3760 990 3816 trinu
1007 3755 1126 3806 dissolutis
1141 3755 1243 3821 capillis,
1260 3763 1288 3806 ut

245 3835 330 3898 (senso
346 3830 461 3894 funebri.)
472 3829 646 3896 perspicuitatis
661 3847 742 3887 eausa,
792 3831 842 3882 fleri
851 3831 911 3881 solet
921 3829 946 3880 in
957 3832 1031 3882 luctu.
1057 3831 1131 3888 Toros,
1139 3830 1248 3889 lectulos,
1261 3831 1287 3882 iu

244 3907 317 3958 verba
325 3905 462 3969 perfussra
469 3915 550 3968 reptem
559 3903 670 3971 postulet.
687 3905 740 3954 Cra·
791 3904 878 3970 quibus
888 3915 955 3956 erant
965 3905 996 3956 sd
1005 3907 1075 3956 funus
1085 3904 1233 3972 compositos.

244 3989 329 4032 terum.
339 3983 402 4042 pasci
421 3987 447 4028 et
460 3979 544 4044 smero
562 3978 596 4028 sic
619 3979 742 4044 conjunxit
822 3982 880 4031 29³.
897 3981 1046 4044 Displicet]
1067 3981 1101 4030 Ut
1110 3981 1195 4031 Graece
1207 3979 1286 4030 πτύσ-

243 4054 316 4108 etism
336 4053 464 4104 Clsudisn.
483 4052 540 4102 xxii.
564 4055 603 4102 14.
623 4053 664 4101 ubi
684 4053 741 4104 Des
789 4057 882 4114 σεσθαι,
893 4072 934 4122 pro
949 4055 1080 4105 incurvari:
1099 4054 1153 4104 vida
1169 4055 1286 4106 Burman·

245 4129 379 4180 Clementia
397 4127 476 4186 doeet,
490 4137 518 4178 ut
534 4130 606 4190 poenls
626 4128 740 4178 lominum
789 4145 846 4178 uum
863 4131 894 4180 ad
910 4130 974 4180 lione
990 4131 1078 4188 locum,
1088 4139 1113 4180 et
1123 4129 1244 4196 Heynium
1254 4130 1285 4180 ad
1391 4137 1400 4156 ·

244 4205 280 4254 sel
296 4207 409 4268 sangiune
433 4205 497 4266 pessi
521 4202 597 4265 Turpe
615 4202 740 4268 serumque
789 4204 924 4269 Virgilium,
941 4206 1039 4256 AEneid.
1057 4205 1090 4256 xi.
1105 4206 1163 4255 645.
1182 4205 1223 4270 qui
1242 4206 1284 4264 ob·

242 4288 316 4340 petes.
344 4275 670 4342 Vtetrirqmvoticompusr
683 4276 739 4326 ltine
788 4291 866 4328 servat
893 4295 944 4328 esse
962 4281 1116 4329 Homericum
1141 4277 1284 4340 ἰὸνοῦσθαις

243 4362 322 4404 autem
333 4354 407 4403 stulta
417 4352 507 4402 Niobes
521 4350 631 4417 superbia
646 4349 739 4416 eolligi·
789 4353 900 4404 Valerius
920 4353 1050 4413 illeximus,
1067 4371 1091 4404 v.
1106 4355 1128 4404 1.
1141 4356 1284 4417 duplicatum

242 4438 354 4492 tanqua
368 4426 510 4476 nefiliorunr
522 4426 619 4492 quidem
629 4425 739 4476 morteirr
778 4427 874 4493 frigore
893 4445 982 4492 eorpus.
1014 4429 1082 4478 Idem
1098 4427 1223 4494 Virgilius,
1238 4430 1307 4482 ὢ,

242 4503 308 4552 Deos
318 4501 446 4552 maledieta
452 4501 544 4566 jactare
554 4499 655 4550 desinat.
787 4501 851 4552 edd.
863 4502 904 4552 xii.
916 4504 1064 4554 mirwidu
1075 4505 1282 4566 ictus—duplicate

274 4577 424 4635 mareas,
441 4591 526 4642 nempe
543 4575 639 4632 Diana,
658 4590 673 4624 s
690 4589 738 4640 qua
783 4578 869 4638 poplite
888 4577 989 4628 Tamus.
1019 4578 1107 4630 Confer
1126 4587 1152 4628 et
1169 4576 1282 4628 Gronorii

241 4651 302 4704 utu
317 4651 454 4702 inurfeotss
468 4651 617 4702 ssse'eeteri
629 4657 738 4702 auctores
786 4649 912 4702 Observet.
922 4653 956 4704 ir.
966 4670 990 4720 p.
1001 4653 1057 4702 747.
