3522 6012
367 838 377 856 -ι
426 785 897 852 METAMORPHOSEON
922 785 1014 852 LIB.
1036 785 1124 852 VII.
1230 791 1296 856 tro

245 961 436 1062 Concipit,
456 972 496 1036 et
513 960 637 1036 sundit
654 984 789 1058 purum
807 961 904 1034 inter
921 985 1062 1037 cornua
1076 963 1217 1052 unum,

245 1079 359 1153 Haud
378 1088 579 1177 expectato
597 1077 816 1153 ceciderunt
832 1078 985 1154 vulnere
1002 1081 1118 1154 tauri!
1221 1085 1294 1156 595

245 1195 335 1296 Ipse
353 1221 423 1292 ego
441 1219 548 1270 sacra
565 1194 649 1269 Jovi
668 1219 735 1293 pro
753 1219 826 1282 me,
845 1195 1056 1294 patriaque,
1076 1197 1273 1295 tribusque

245 1313 373 1398 Quum
391 1311 553 1386 facerem
572 1312 681 1400 natio,
701 1313 868 1408 mugitus
885 1312 1039 1388 victima
1055 1314 1156 1388 diros

247 1428 397 1518 Edidit;
426 1440 466 1504 et
484 1429 609 1502 subito
628 1427 796 1526 collapsa
813 1428 894 1502 sine
911 1428 1049 1503 ictibus
1067 1429 1153 1504 ullis

247 1546 397 1642 Exiguo
415 1543 530 1618 tinxit
548 1545 739 1642 subjectos
759 1545 942 1640 sauguine
961 1547 1113 1620 cultros
1222 1551 1295 1622 599

248 1662 360 1736 Fibra
373 1685 525 1760 quoque
541 1687 639 1758 aegra
657 1672 765 1734 notas
779 1661 855 1735 reri
869 1662 1110 1761 monitusque
1129 1663 1296 1738 Deorum

247 1778 490 1854 Perdiderat:
519 1779 646 1854 tristes
664 1789 864 1878 penetrant
884 1779 932 1854 ad
951 1779 1096 1854 viscera
1111 1781 1244 1855 morbi.

247 1897 348 1971 Ante
367 1921 493 1970 sacros
511 1895 586 1969 vidi
604 1898 774 1994 projecta
789 1897 972 1972 cadavera
993 1909 1143 1996 postes:

247 2013 348 2088 Ante
366 2014 480 2113 ipsas,
499 2037 576 2110 quo
595 2037 695 2088 mors
713 2013 809 2088 soret
825 2014 1051 2102 invidiosior,
1071 2038 1170 2090 aras.

247 2197 327 2248 Ioues
343 2201 398 2247 ilum
411 2200 477 2246 niveo
493 2201 651 2248 circumdatur
667 2199 746 2264 tufolo
795 2217 848 2249 aros
858 2199 923 2250 delet
933 2208 1056 2266 punctum,
1065 2208 1091 2249 ut
1101 2199 1153 2249 hec
1163 2199 1299 2250 cohereant

248 2275 315 2330 uitta,
337 2273 404 2322 luter
423 2283 556 2322 cunctantes
577 2277 658 2323 cecidit
678 2277 746 2322 sumt·
796 2289 852 2322 curo
861 2274 1024 2338 sequentibus.
1052 2272 1106 2322 Non
1116 2273 1193 2322 mele:
1210 2272 1232 2323 ci
1242 2289 1298 2338 ergo

247 2349 323 2396 buada
342 2349 463 2398 ministros.
497 2349 546 2397 Aut
562 2351 581 2396 ei
598 2367 666 2412 quom
677 2349 747 2414 ferro
796 2348 944 2412 obsequutus
963 2363 1024 2397 sum.
1063 2346 1188 2404 lucidiora,
1208 2345 1297 2406 odiose,

246 2431 384 2471 mactaverat
400 2433 453 2471 oute
471 2426 581 2480 sacerdos,
602 2423 661 2471 lude
678 2439 748 2487 ueqroe
798 2420 972 2470 abominabilis.
1004 2421 1138 2477 Lucretius,
1160 2419 1193 2469 vi.
1218 2421 1298 2470 1270:

247 2499 355 2558 impositis
364 2499 447 2546 ardent
457 2497 633 2560 altariafibris,·
653 2497 702 2546 Nec
709 2513 746 2544 re·
799 2494 882 2543 Omnia
898 2498 995 2558 decipite
1010 2503 1090 2544 sancta
1109 2495 1184 2542 Derim
1201 2496 1298 2544 delubra

247 2587 326 2633 ponsa
342 2580 414 2633 potest
427 2572 544 2619 consultus
559 2574 653 2620 reddere
671 2581 747 2619 votes.-
798 2568 900 2629 repte‘rat
913 2568 1048 2630 Corporibsu
1062 2584 1120 2616 more
1134 2570 1257 2627 esaaimir,·
1275 2577 1301 2617 et
1363 2564 1366 2572 ’

249 2645 284 2694 Ac
304 2649 341 2694 vis
363 2647 471 2707 suppositi
492 2649 619 2710 tinguntur
636 2648 749 2710 sanguiue
801 2643 878 2690 1274:
906 2642 954 2691 Nec
968 2646 1023 2705 jam
1039 2644 1122 2707 religio
1142 2642 1237 2700 Diodm,
1257 2659 1299 2692 nec

247 2721 328 2776 cultri,
339 2719 564 2782 Sumplejey'uno
573 2723 636 2768 roais
645 2719 748 2783 irffurca·
799 2719 896 2764 stamius
903 2719 982 2781 magui
991 2715 1165 2765 Pendelautur:
1176 2720 1235 2765 euim
1240 2733 1299 2780 prie-

247 2802 288 2840 tor
308 2809 387 2842 ormo.
424 2793 479 2842 Vota
499 2796 607 2856 concipit,
625 2793 749 2843 formulam
798 2807 848 2840 seur
860 2792 924 2840 dolor
936 2793 1090 2854 imperabat.
1116 2793 1298 2842 Aoimmuclua-

248 2882 346 2931 precum
363 2865 456 2924 recitat,
466 2867 587 2933 conceptis
604 2867 682 2916 verbis
696 2883 749 2932 pre·
799 2867 867 2920 dont,
880 2865 991 2924 breviter,
1007 2865 1102 2924 eleusis,
1114 2866 1252 2924 constrictis,
1263 2868 1299 2916 le-

249 2948 332 2988 cetur:
350 2939 456 2996 Tacitus,
472 2941 536 2989 Hist.
547 2941 581 2990 iv.
596 2943 750 3004 ³1.jurojia·
799 2954 862 3004 queo
878 2941 988 2989 trucibus
1005 2940 1145 3006 impediunt,
1156 2941 1214 2998 sire,
1225 2941 1297 2991 inter-

248 3017 319 3062 randi
329 3015 397 3064 verbo
406 3019 529 3078 occipere,
540 3016 694 3082 pronunciare
704 3017 750 3064 lor·
800 3012 901 3062 cludunt
909 3013 1024 3063 animem.
1040 3015 1145 3070 Plenius,
1153 3014 1178 3063 in
1186 3014 1233 3074 Ibi,
1241 3019 1299 3066 552.

249 3089 339 3137 molem
347 3087 510 3154 jurisjurandi.
527 3090 617 3138 Petrum
625 3105 750 3139 commune
799 3089 881 3135 anime
897 3089 975 3150 laqoeo
989 3090 1019 3136 rit
1033 3091 1071 3136 cia
1087 3090 1164 3136 clauso
1179 3098 1233 3139 tua.
1267 3091 1299 3140 Et

249 3177 327 3212 rerum
338 3177 456 3212 sacrarum
468 3163 596 3228 epitheton.
613 3164 652 3213 Sic
660 3164 684 3214 ii.
694 3165 751 3213 713.

248 3253 309 3298 puro
319 3253 381 3294 son,
391 3235 433 3285 ubi
444 3237 494 3286 vid.
504 3246 553 3287 not.
580 3238 678 3295 Vulnus,
689 3237 751 3288 ictus

222 3313 223 3316 ’
249 3311 330 3369 cultri,
351 3326 499 3376 consequens
519 3327 563 3377 pro
583 3310 749 3362 antecedente.

250 3384 320 3432 Mela
331 3384 418 3441 omine,
429 3383 449 3432 si
460 3384 558 3434 victima
574 3394 671 3452 repente
685 3391 751 3436 cate-

249 3459 296 3514 lrot,
310 3459 412 3524 integitur
428 3457 522 3516 edebst,
534 3461 682 3523 exiguumque
697 3462 750 3509 lun·

249 3531 322 3582 debet
331 3535 473 3598 magiriscia.
490 3534 582 3597 Largus
592 3543 673 3582 contra
684 3549 752 3584 cruor

249 3607 354 3656 leustum
372 3606 474 3671 signum.
499 3606 600 3663 Plinius,
619 3609 682 3656 Pan·
693 3625 716 3657 v.
728 3611 751 3658 ³.

800 3163 906 3210 costen
921 3162 1016 3210 omnino
1031 3162 1154 3228 impedire,
1164 3166 1232 3214 utri.
1242 3166 1299 3214 572.

802 3235 935 3298 Mortisque,
954 3246 1000 3285 etc.
1033 3236 1140 3300 Arguto:
1162 3237 1250 3288 nediu
1269 3240 1300 3289 ti-

800 3324 864 3359 more
881 3311 961 3360 mortis
977 3319 1027 3359 tom
1046 3310 1133 3359 otiose
1154 3312 1297 3372 crucientur,

801 3384 1300 3449 repentesibielicmconsciscuntmortem.

801 3457 902 3514 Plinius,
922 3460 967 3525 Ep.
979 3459 1023 3508 v1.
1035 3477 1075 3508 xx.
1091 3461 1129 3508 14.
1144 3461 1173 3511 de
1189 3462 1300 3514 incendio

801 3531 913 3582 Vesuvii:
933 3533 1018 3590 Erant,
1029 3538 1068 3598 qui
1078 3543 1139 3582 metu
1149 3539 1227 3585 mortis
1240 3555 1299 3586 mor·

802 3615 846 3654 tem
864 3617 1024 3668 precarentur.
1056 3607 1160 3657 Mirifice
1178 3608 1222 3658 boc
1242 3626 1299 3660 ecu-

250 3679 408 3744 Subr‘ectoein
422 3679 495 3729 souis
505 3679 575 3728 cultri
587 3681 668 3730 subter
678 3683 750 3748 jugu-
801 3694 857 3727 men
873 3679 1010 3730 Schirochio
1029 3681 1126 3748 placuit,
1146 3682 1187 3747 qui
1207 3699 1301 3734 summe

250 3753 376 3818 lumndigi
388 3753 504 3803 solebant.
801 3752 835 3802 sic
856 3753 963 3804 efficacia
987 3756 1062 3804 morbi
1082 3756 1199 3806 curciorus
1223 3761 1300 3824 pictos

283 3830 339 3878 600.
357 3829 444 3886 Filum-
461 3829 526 3876 libre
540 3827 632 3894 proprie
643 3837 750 3878 extorum
799 3842 850 3876 esse
865 3837 953 3878 monet.
986 3829 1075 3878 Preter
1088 3829 1149 3878 illud
1168 3831 1240 3879 Plinii
1258 3849 1299 3881 ex-

249 3903 421 3962 exuemitstes,
430 3902 517 3952 deinde
529 3901 624 3951 omnino
634 3913 698 3960 exte,
707 3902 751 3954 boc
800 3901 914 3967 emplum,
933 3902 996 3968 quod
1011 3903 1091 3953 attulit
1107 3904 1138 3952 cl.
1150 3905 1241 3971 Gierig,
1251 3905 1300 3956 dno

251 3976 583 4043 eet,jecur,cor,polmonee.
617 3977 699 4041 AEgro,
716 3979 751 4026 vi·
800 3984 887 4025 cetere
902 3985 1017 4043 petemus,
1027 3976 1091 4043 prius
1108 3979 1138 4027 sb
1149 3979 1264 4039 Martiali,
1274 3981 1301 4032 ii.

251 4051 320 4102 tiata.
355 4051 428 4101 Notos
438 4054 486 4100 veri
494 4051 562 4116 signa
572 4050 660 4116 quibus
671 4068 751 4102 verum
800 4051 940 4115 Epignliti:
959 4053 1015 4110 Hic,
1032 4069 1094 4119 rogo,
1112 4071 1157 4102 sou
1168 4055 1244 4118 Jieror
1259 4067 1300 4115 ert,

250 4125 408 4191 cognoscitur.
441 4125 515 4175 Dolet
530 4127 630 4183 AEecus‚
642 4127 706 4191 quod
721 4143 752 4176 ne
800 4141 830 4172 ue
839 4129 945 4184 nodare,
956 4129 1029 4175 morit
1046 4128 1147 4177 alterum
1157 4144 1172 4176 ιι
1182 4129 1259 4186 Floro,
1272 4131 1299 4180 ii.

251 4215 281 4250 ex
291 4199 349 4266 ipsis
360 4200 457 4265 quidem
468 4199 530 4250 extis
541 4200 639 4250 consilia
648 4202 752 4251 Deorum
806 4200 851 4246 12:
869 4202 936 4261 eipso
945 4199 1012 4249 tastu
1022 4203 1144 4264 trepidatio
1150 4203 1214 4267 suit,
1224 4214 1253 4252 ut
1260 4221 1300 4268 pe-

250 4274 307 4323 inre
316 4282 365 4324 tem
373 4273 434 4323 tristi
442 4273 491 4340 peti
502 4273 635 4341 potuerint:
646 4275 753 4326 morbide
802 4277 895 4322 cuniam
906 4291 991 4323 moeri
1001 4279 1027 4324 in
1040 4293 1103 4324 more
1108 4280 1207 4339 jusserit
1216 4283 1298 4345 mergi,

249 4345 315 4396 enim
332 4347 368 4396 vie
386 4351 527 4409 perdiderat,
548 4357 682 4413 corruperat
701 4349 753 4413 ipsa
802 4352 941 4410 seperiretr
956 4351 1048 4399 clausero
1062 4355 1167 4408 cremori,
1178 4370 1208 4401 ue
1221 4357 1299 4402 iaces-

251 4421 476 4478 viscermtoerum
492 4420 548 4471 inde
562 4422 672 4487 cognosci
686 4423 751 4472 haud
802 4423 903 4471 desnos.
938 4423 1022 4472 Vocare
1032 4424 1086 4490 quis
1099 4425 1185 4474 dicitur
1195 4441 1232 4482 ee,
1245 4443 1299 4492 quse

251 4504 341 4560 posset.
374 4495 477 4544 Lenrius
488 4499 621 4558 proditam
635 4497 698 4562 expl.
709 4497 752 4546 de·
802 4496 927 4546 &celeret
960 4495 1024 4546 liui'c
1038 4498 1101 4546 bene
1111 4498 1222 4547 convenit
1236 4505 1300 4549 oeni-

251 4576 365 4618 seroerat.
398 4572 459 4618 Ante
472 4573 539 4633 ipsos,
553 4578 601 4620 etc.
633 4569 686 4619 Hoc
699 4571 751 4636 jam
801 4571 947 4636 eurio,quod
957 4571 1298 4624 burmannusillnstretrPer·

251 4640 491 4694 dictumversu591.
516 4645 609 4710 Regius
619 4643 690 4710 igitur
699 4653 752 4711 post
801 4645 952 4704 soiitos.
967 4647 1071 4697 Vesiesti
1080 4651 1289 4702 occurreremorto·
