3512 6010
414 778 885 848 METAMORPHOSEON
908 779 1000 848 Lm.
1026 780 1075 846 ΙΙ.
1208 781 1272 846 147

222 955 424 1030 Enitantur
440 956 553 1053 equi:
581 955 706 1030 medio
723 967 783 1030 est
801 957 984 1032 altissimo
1001 953 1096 1030 coelo
1110 982 1119 1043 ;

222 1072 335 1146 Unde
353 1093 458 1148 mare
476 1083 515 1146 et
532 1082 650 1148 terras
669 1071 741 1171 ipsi
760 1072 851 1146 mihi
871 1097 975 1172 saepe
991 1073 1121 1148 videre
1224 1075 1273 1146 65

222 1188 283 1262 Fit
300 1188 425 1276 timor,
439 1199 479 1264 et
496 1190 632 1289 pavide
650 1191 815 1290 trepidat
830 1190 1027 1266 formidine
1046 1199 1202 1288 pectus:

223 1304 368 1378 Ultima
382 1329 501 1404 prona
513 1305 575 1380 via
592 1317 663 1392 est,
682 1317 722 1380 et
737 1319 825 1404 eget
840 1306 1097 1382 moderamine
1111 1315 1228 1382 certo.

222 1421 328 1494 Tunc
348 1421 475 1509 etiam,
496 1446 582 1519 quae
600 1445 661 1496 me
680 1423 863 1521 subjectis
881 1425 1027 1524 excipit
1044 1421 1169 1507 undis,

223 1535 282 1610 Ne
299 1535 453 1624 serario
472 1561 654 1637 praeceps,
674 1537 820 1644 Tetlrys
836 1541 933 1614 solet
950 1541 1034 1640 ipsa
1050 1538 1184 1614 vereri.

221 1653 346 1740 Adde,
365 1656 470 1752 quod
489 1655 641 1730 assiduo
659 1657 802 1755 rapitur
817 1657 1001 1755 vertigine
1018 1657 1180 1743 coelum3
1224 1658 1272 1728 70

224 1770 435 1868 Sideraque
449 1772 526 1846 alta
537 1772 665 1860 trahit,
681 1775 872 1873 celerique
882 1774 1073 1850 volumine
1091 1781 1255 1870 torquet.

224 1884 334 1960 Nitor
352 1887 391 1960 in
409 1887 630 1964 adversum:
660 1915 730 1965 nec
749 1915 822 1978 me,
843 1891 910 1991 qui
928 1903 1068 1978 cetera,
1085 1888 1201 1963 vincit

226 2001 421 2103 Impetus:
451 2015 491 2080 et
508 2006 639 2105 rapido
656 2009 863 2084 contrarius
882 2009 1018 2084 evehor
1036 2005 1143 2082 orbi·
1259 1995 1261 1999 ’

225 2195 307 2246 creati.
324 2196 418 2248 Possim
428 2200 519 2264 integra·
526 2209 551 2250 et
559 2211 659 2252 recente
667 2217 725 2252 con-
775 2202 859 2256 leudat
869 2202 932 2252 hunc
942 2201 1021 2268 ipsum
1030 2215 1132 2257 versum,
1143 2207 1171 2250 ut
1180 2200 1276 2264 err-tigl-

223 2271 362 2337 junguntur,
378 2281 451 2339 atque
470 2275 606 2341 dqfutigatis
621 2285 647 2327 et
656 2277 728 2342 serris
775 2281 812 2328 ais
830 2278 879 2328 rim
892 2276 949 2328 inde
967 2275 1113 2341 comprobet,
1134 2273 1277 2338 doceatque,

225 2361 298 2412 opp:
316 2346 366 2398 vid.
377 2348 473 2399 Cioi'au.
775 2363 859 2402 mass
868 2361 931 2402 notu
938 2351 1055 2400 cosrtrarie
1065 2353 1136 2399 vinci.

257 2421 296 2470 66.
315 2422 428 2487 Paride]
449 2423 540 2474 Paride
555 2423 656 2474 otiosum
673 2425 727 2491 qui-

225 2494 278 2544 dem
289 2495 314 2544 h.
324 2497 343 2546 l.
355 2504 407 2557 cat;
423 2495 466 2546 ssd
476 2497 554 2548 solent
565 2507 643 2564 pocta
653 2498 726 2550 iuter·

227 2568 283 2618 doru
300 2570 335 2620 uti
353 2570 465 2636 epithetis
482 2572 601 2630 affinibus,
618 2582 643 2624 ct
662 2573 726 2624 idem

225 2643 273 2694 lere
284 2645 423 2694 uotautffius
433 2645 496 2710 quod
507 2647 665 2707 substantiva,
673 2649 726 2713 qui·

225 2717 270 2768 ltus
285 2717 416 2770 adduntur.
450 2719 515 2769 ilinc
532 2723 631 2784 peridur
645 2733 727 2781 metm,

226 2802 290 2841 nus
299 2795 403 2852 silentiu
413 2802 462 2844 etr.
479 2793 544 2845 Vide
554 2795 727 2848 Burmanuum.

259 2867 300 2915 67.
328 2867 418 2918 Ultimo
434 2885 509 2930 prone
528 2869 587 2934 aia·]
605 2871 728 2920 Ascensus

227 2949 321 3006 propter
337 2940 499 2992 accliviutcm
518 2941 606 3004 durus5
622 2943 726 2994 medium

225 3013 277 3072 iter,
301 3023 398 3080 propter
424 3013 583 3074 altitudinem,
606 3016 727 3078 terribile,

209 3089 363 3150 educemus,
380 3100 478 3158 propter
496 3107 588 3152 casum,
607 3093 727 3156 difficilior

226 3163 277 3214 lec
289 3165 334 3215 tria
343 3165 415 3232 plena
426 3174 504 3216 metus
514 3175 577 3216 sunt.

258 3239 299 3290 69.
320 3239 403 3304 Tetisyr
419 3239 497 3304 solet]
515 3240 589 3300 Infra,
608 3241 641 3291 iv.
662 3243 725 3295 6³2:

228 3313 317 3364 rm
337 3313 396 3364 Solis
422 3315 511 3364 anuto
531 3315 633 3380 AEqam
651 3319 728 3368 uidit

227 3391 297 3452 qais.
317 3389 366 3440 Sed
378 3405 422 3455 pro
432 3389 492 3440 meri
505 3387 587 3455 Trtlryr
601 3392 626 3441 iu
638 3391 727 3458 mythis

226 3462 282 3528 poni
291 3463 362 3514 solet.
394 3463 454 3512 Hac
469 3464 541 3530 igitur
554 3465 726 3516 beuectexci·

226 3551 281 3600 pac
294 3537 383 3595 Solem,
397 3545 422 3586 et
432 3553 483 3588 rer.
497 3539 553 3588 teo.
572 3555 642 3590 ruane
657 3541 727 3589 cmit-

226 3621 275 3660 tere
295 3611 393 3662 dicitur.
426 3611 459 3662 Et
477 3627 540 3662 nuno
562 3628 618 3664 cum
638 3614 727 3666 dilectu

227 3695 432 3743 commemoratur,
441 3685 500 3752 quia
510 3689 577 3736 tisror
585 3686 628 3738 ille
640 3687 665 3738 in
680 3689 727 3754 pri·

228 3760 272 3810 ruis
289 3761 401 3812 convenit
420 3761 515 3827 Tethyi,
535 3761 614 3812 amitae
639 3763 727 3814 Phoebi

227 3851 329 3900 quacum
340 3835 390 3886 alis
399 3835 551 3886 confunditur
558 3833 649 3888 Thetis.

260 3909 300 3960 70.
321 3909 461 3977 Vertigiue]
485 3911 584 3978 Ver-rigo,
598 3913 728 3962 circumve·

227 3982 293 4033 lotio.
322 3985 411 4034 Corium
428 3995 508 4035 autem
527 3989 622 4049 rapitur
637 3989 729 4040 assidue

227 4061 339 4124 uertigine
365 4077 395 4110 ex
417 4059 507 4112 retium
534 4061 684 4128 aspectabili,
703 4072 728 4112 et

228 4131 336 4198 opinione
347 4133 472 4194 Vetcmm,
483 4149 537 4200 quo
552 4135 572 4184 si
584 4153 641 4188 vera
657 4145 727 4195 essct,

228 4201 296 4258 uno
309 4208 369 4260 leret
384 4208 454 4259 istius
469 4209 627 4260 conversionis
643 4210 727 4261 celeri·

229 4290 274 4340 tas,
287 4293 402 4348 quautam
415 4283 519 4348 cogitare
536 4301 582 4334 noo
599 4301 727 4351 possemus.

228 4356 281 4406 Cic.
292 4358 364 4408 Tusc.
381 4358 400 4407 i.
413 4360 456 4409 28.
490 4359 557 4408 Bone
575 4358 647 4425 igitur
662 4363 726 4424 rapi-

229 4440 276 4486 tur,
292 4448 339 4497 quo
352 4432 424 4482 verbo
441 4433 550 4482 celeriter
567 4443 591 4482 et
601 4434 727 4484 vehemen-

228 4503 261 4554 tia
278 4505 424 4560 declaratur.
456 4507 553 4558 Coeluru
571 4509 655 4566 odera,
675 4525 729 4573 quer

229 4578 250 4626 ei
262 4579 326 4629 uelut
344 4581 416 4632 affixa
425 4571 546 4638 ¹videntur,
557 4583 637 4640 ttulit,
649 4598 729 4634 secum

229 4653 380 4719 circumegit.
419 4655 504 4706 Senot.
523 4655 558 4704 N.
573 4658 606 4714 Q.
629 4657 671 4706 rii.
692 4657 730 4705 10.

809 2427 850 2476 ⁷2.
869 2426 940 2476 Nitor
954 2428 981 2474 irr
1000 2423 1141 2487 aduersum]
1164 2423 1197 2472 Et
1213 2437 1277 2480 mox,

776 2503 858 2565 rapido
878 2503 1009 2550 meriste
1028 2499 1107 2548 coelur
1127 2500 1176 2548 orbi
1193 2497 1278 2548 codem

775 2575 891 2626 redeunt:
914 2576 1045 2626 contrarius
1064 2575 1119 2630 orbi,
1138 2583 1219 2622 contra
1240 2588 1277 2621 rr·

776 2653 833 2709 ism,
850 2651 867 2700 i.
884 2667 907 2700 e.
928 2649 1028 2700 colum.
1045 2659 1048 2668 ’
1063 2648 1169 2697 Placete
1186 2647 1279 2714 proprio

776 2726 879 2792 quodem
896 2732 963 2777 metu
977 2723 1093 2781 teruntur,
1105 2732 1177 2788 atque
1191 2722 1276 2788 paula·

776 2801 819 2852 tim
836 2801 866 2850 ub
885 2813 972 2850 occasu
988 2813 1070 2848 sersus
1086 2805 1164 2848 ortum
1182 2811 1277 2848 morcu-

776 2884 823 2932 tur‚
834 2883 861 2926 ut
872 2873 960 2924 docent
969 2871 1115 2922 Astrouomi.
1149 2869 1217 2920 Idem
1228 2871 1278 2921 Ve-

777 2957 838 3000 teres
848 2948 967 3016 putabant
975 2947 1006 2998 dc
1016 2945 1070 3000 sole
1080 2964 1086 2994 r
1105 2943 1158 2996 ride
1168 2946 1277 2995 Macrob.

775 3025 857 3075 Some.
882 3021 948 3088 scip.
967 3021 985 3071 i.
1011 3022 1059 3081 1⁸3
1086 3019 1178 3086 Hygia.
1206 3021 1276 3074 Poet.

775 3097 874 3148 Aenon
890 3097 924 3145 ir.
944 3097 992 3156 133
1010 3093 1076 3143 Plin.
1094 3093 1159 3143 Risu
1175 3095 1235 3144 Neu
1250 3093 1276 3144 ii.

777 3175 802 3224 ll.
836 3172 906 3238 cujus
929 3171 1002 3220 serbe
1035 3167 1154 3220 asenberc
1180 3169 1277 3234 placet:

777 3254 793 3298 .“
806 3245 921 3306 Omnium
937 3255 1018 3296 autem
1033 3243 1162 3294 errantium
1174 3243 1278 3294 siderum

777 3329 879 3378 meatus,
898 3319 1007 3386 interque
1025 3333 1055 3368 ca
1073 3318 1134 3368 Solis
1150 3325 1175 3368 st
1193 3317 1277 3374 Luno,

778 3395 921 3446 contrariom
938 3392 1028 3444 uurmdo
1044 3408 1114 3458 agere
1130 3407 1235 3449 cursum,
1253 3391 1279 3441 id

777 3479 822 3527 ert,
829 3466 1075 3534 larum(Auguribus
1082 3465 1198 3518 Romanis
1207 3466 1279 3533 plega

776 3541 897 3594 edentulis
916 3543 971 3591 leva
989 3539 1063 3604 eret)
1081 3541 1123 3590 illo
1140 3555 1234 3606 temper
1252 3539 1277 3590 iu
1363 3563 1367 3572 ·

777 3620 885 3670 dextram
902 3615 1027 3683 precipiti.
1060 3614 1208 3682 thuamris
1219 3615 1278 3664 assi·

777 3693 827 3744 dua
844 3690 997 3742 conversione
1013 3689 1134 3740 immense
1151 3687 1279 3740 celeritatis

778 3767 917 3818 attollentur
931 3767 962 3814 ab
972 3781 1009 3824 eo,
1021 3763 1188 3831 rapianturque
1201 3763 1226 3812 in
1237 3780 1277 3814 oc·

777 3859 869 3898 cusum,
885 3841 985 3890 adverso
1002 3848 1081 3888 tamen
1099 3837 1133 3888 ire
1153 3846 1218 3887 motu
1237 3855 1279 3904 per

777 3933 833 3968 suos
840 3931 943 3982 queque
953 3931 1044 3980 pessus
1065 3914 1104 3964 Ita
1114 3912 1172 3970 fieri,
1180 3929 1210 3962 oe
1221 3928 1277 3963 coo·

777 3992 873 4043 volutus
883 4007 923 4040 aer
934 3989 1034 4040 eandem
1045 3987 1069 4038 in
1081 3997 1173 4054 partem
1190 3996 1278 4039 eterna

778 4065 860 4117 mundi
872 4064 987 4130 vertigine
1000 4064 1086 4129 ignavo
1096 4063 1167 4128 globo
1178 4071 1278 4136 torpeat,

778 4140 821 4190 sed
832 4139 944 4196 findatur,
955 4137 1055 4188 advorso
1067 4137 1172 4188 siderum
1181 4139 1278 4188 verbere

777 4213 894 4264 discretus
910 4221 934 4262 et
953 4211 1083 4277 digestus?
1117 4212 1218 4276 impetur
1233 4211 1278 4276 igi-

777 4296 825 4344 tur,
838 4285 963 4336 celerrima
972 4285 1028 4338 coeli
1042 4285 1228 4344 circumvolutio,
1239 4287 1278 4349 pui

778 4371 858 4412 catere
873 4359 951 4410 sidere
966 4363 1047 4418 vineit,
1058 4375 1139 4410 secum
1155 4360 1224 4426 rapit,
1236 4361 1277 4408 Su·

777 4435 826 4496 lem
852 4449 947 4500 quoque
974 4450 1056 4499 rapere
1077 4433 1142 4495 vult;
1158 4433 1199 4484 ille
1223 4450 1278 4483 vero

779 4507 884 4558 maximo
905 4524 960 4558 cum
985 4509 1066 4558 labore
1086 4515 1168 4558 contre
1189 4505 1278 4557 nititur.

780 4583 881 4646 Impetus
897 4583 1004 4648 sepedo
1020 4583 1098 4634 coelo:
1117 4579 1172 4632 vide
1184 4581 1278 4632 Ernesti

780 4659 850 4708 Clev.
863 4657 916 4708 cic.
928 4658 951 4706 h.
962 4675 987 4707 v.
