3512 6010
463 809 935 882 ME'PAMORPHOSEON
958 811 1049 881 LlB.
1074 816 1103 881 Ι.

1222 817 1307 910 ,109

255 987 395 1088 Pythia
411 987 461 1064 de
478 990 631 1066 domitae
650 989 836 1090 serpentis
855 993 1004 1067 nomine
1022 993 1156 1067 dictos.

254 1102 323 1180 His
336 1109 520 1206 juvenum
538 1107 770 1207 quicumque
790 1131 917 1198 manu,
936 1109 1157 1208 pedibusve,
1177 1119 1303 1185 rotave

252 1221 416 1312 Vicerat,
430 1228 603 1301 aesculeae
620 1226 797 1326 capiebat
813 1225 955 1301 frondis
973 1227 1166 1303 honorem.

254 1335 432 1416 Nondum
445 1345 571 1418 laurus
589 1354 690 1434 erat3
710 1345 901 1443 longoque
915 1345 1090 1419 decentia
1106 1348 1209 1426 crine
1234 1350 1302 1420 250

254 1455 442 1557 Tempora
459 1461 637 1557 cingebat
655 1462 702 1535 de
721 1460 893 1559 qualibet
910 1462 1041 1535 arbore
1057 1461 1238 1537 Phoebus,

302 1571 395 1648 VII.
412 1575 563 1650 Primus
576 1600 679 1650 emor
689 1575 825 1650 Phoebi
835 1575 1165 1676 DaphnePeneia3
1188 1603 1302 1678 quem
1386 1605 1388 1614 ’

303 1781 314 1806 ι
408 1717 482 1767 110ss

253 1847 384 1899 confluxus.
416 1849 449 1897 Hi
461 1849 512 1899 ludi
529 1853 637 1900 edomito
648 1853 752 1915 Pythone

253 1921 341 1986 Pythia
361 1922 509 1974 dicebantur.
541 1923 615 1992 Apud
635 1925 752 1976 clement.

252 1995 324 2047 Alex.
335 1997 396 2048 Coh.
412 1997 444 2048 ed
460 1997 538 2048 Graec.
549 2016 573 2066 p.
588 2002 627 2048 41.
637 2009 752 2050 vocantur

254 2070 396 2138 πανὴγιφις
403 2072 488 2138 ὄφεως.
505 2073 633 2123 Sciendum
642 2083 678 2122 est
688 2073 751 2139 apud

255 2145 351 2197 Graecos
361 2147 487 2198 nobilitate
497 2147 567 2198 luisse
576 2157 677 2213 quatuor
684 2149 751 2198 ludo·

253 2237 303 2270 rum
330 2237 429 2286 genera,
456 2222 618 2289 olympiacos,
644 2223 752 2288 Pythius,

253 2293 372 2352 isthmius,
381 2296 515 2353 Nemenos,
526 2295 652 2362 dequibus
663 2297 752 2346 Pausis-

253 2369 312 2427 niss,
322 2370 365 2420 lih.
375 2371 412 2420 ΙΙ.
422 2387 478 2436 cup.
493 2370 528 2420 iii.
538 2371 563 2418 N
564 2372 621 2420 atel.
639 2387 700 2421 com.
711 2372 753 2421 lib.

254 2445 284 2494 V.
302 2459 358 2512 cap.
376 2444 418 2494 rii.
435 2453 461 2494 et
478 2445 558 2494 xxxiv.
574 2445 663 2512 Scalig.
686 2447 753 2496 Poet.

254 2517 294 2568 lib.
303 2517 325 2569 l.
334 2535 390 2586 cap.
401 2519 468 2569 xxiii.

284 2594 342 2644 tta.
363 2595 448 2654 Manu,
470 2595 588 2661 pugilatu,
609 2597 705 2662 πυγμῇ,
728 2603 753 2646 et

253 2668 327 2728 lucta,
342 2669 421 2736 πάλῃ,
457 2672 564 2728 Pedibru,
575 2687 654 2730 cursu,
663 2670 753 2738 δρόμῳ.

255 2745 322 2803 Rota,
329 2745 453 2810 quadrigis
463 2754 488 2795 et
496 2746 558 2820 bigis
567 2745 629 2796 adde
639 2749 751 2796 carmini·

251 2819 292 2870 bus
302 2829 327 2868 et
334 2823 491 2870 instrumentis
500 2823 598 2870 musicis.
614 2821 678 2870 Vide
687 2822 751 2871 Peu-

251 2909 303 2942 aan.
313 2911 338 2960 p.
353 2896 403 2944 ele
417 2911 468 2960 seq.
478 2904 504 2944 et
519 2895 582 2944 udde
599 2895 688 2945 Potteri
703 2897 750 2946 Ar-

249 2967 752 3036 chreol.Grec.t.i.p.985sec.ed.Rernb.

250 3043 382 3094 Seltatione
406 3043 511 3110 quedem
531 3044 650 3110 Apollinis
672 3061 754 3111 pugne

250 3133 305 3167 cnm
316 3118 435 3184 Pythone,
444 3127 468 3169 et
481 3119 643 3169 instrumentis
657 3119 753 3169 musicis

250 3192 322 3259 hujus
340 3191 425 3243 sibilus
445 3193 637 3260 exprimebaturz
660 3195 753 3252 Strabo,

205 3279 210 3286 ’
249 3267 284 3317 ix.
306 3285 332 3334 p.
354 3269 404 3318 645
427 3284 478 3334 seq.
518 3268 624 3326 lumen,
646 3269 750 3319 athletae.

252 3341 342 3390 Pedasa
352 3353 468 3391 eertmuen
478 3342 549 3392 etiam
559 3341 601 3391 xii.
613 3343 670 3392 ³04.

281 3417 339 3464 449.
368 3417 458 3474 Honor,
476 3425 504 3466 ut
530 3419 598 3483 τιμὴ,
619 3417 751 3483 premium.

247 3489 296 3538 een
306 3489 350 3539 illa
361 3491 459 3556 praemia
472 3507 587 3558 perquam
601 3501 669 3542 erent
678 3493 751 3542 hono·

248 3565 323 3615 naen.
349 3566 539 3634 AEseulenfrons,
551 3583 637 3616 corone
647 3569 752 3618 mentm.

250 3639 359 3689 &rrius
374 3641 430 3690 Jovi
447 3657 524 3698 sucre,
541 3641 605 3690 Plin.
615 3642 648 3690 H.
658 3642 692 3691 N.
710 3642 751 3692 rii.

251 3713 274 3762 1.
290 3721 324 3770 et,
335 3721 364 3762 nt
377 3713 518 3780 glandifera,
529 3715 633 3780 antiquis
649 3715 750 3765 homini-

246 3787 294 3838 bus
304 3788 475 3838 memorabilis.

281 3863 339 3912 450.
359 3861 460 3921 huno,
484 3878 532 3929 qua
551 3871 633 3928 postea
656 3879 753 3914 corone·

247 3935 337 3986 bantur
349 3936 451 3986 victores
468 3935 562 4002 Pythici
575 3937 661 3998 (Pind.
680 3939 753 4004 Pyth.

249 4009 299 4059 Od.
315 4010 365 4060 viii.
378 4011 420 4060 28.
437 4010 528 4060 AElien.
539 4011 571 4060 V.
582 4011 615 4060 H.
631 4011 682 4060 111.
697 4011 714 4060 i.
728 4028 752 4078 p.

248 4084 321 4148 tw.)
337 4087 440 4134 mdun
456 4085 482 4134 in
499 4100 576 4135 rerum
592 4097 678 4136 nutura
694 4097 752 4136 emt.

249 4157 290 4208 Sic
298 4159 376 4209 munit
386 4158 432 4208 sibi
442 4159 506 4209 viam
522 4157 553 4208 ad
567 4167 707 4225 unquentum
717 4160 753 4210 in·

801 1852 935 1917 occupavit.
968 1853 1064 1902 Interes
1079 1852 1182 1919 Daphne
1199 1859 1304 1901 mutetur

801 1924 826 1974 in
844 1926 947 1985 laurum,
962 1941 1011 1993 qun
1027 1927 1138 1976 lustratus
1156 1923 1242 1975 deinde
1261 1934 1305 1976 eat.

802 1994 881 2067 Lorigo
888 2005 952 2050 crine
961 2001 1062 2066 insignis
1073 2010 1124 2050 eret
1131 2001 1227 2066 Apollo,
1239 1999 1303 2050 unde

801 2073 918 2132 Intentus
938 2074 1113 2142 departent,
1137 2075 1304 2140 ἀκειρεκόμης,

802 2157 874 2215 etque
895 2149 967 2198 etiem
989 2149 1014 2198 in
1035 2148 1193 2198 nunnmentis
1215 2147 1303 2197 crinem

801 2224 941 2287 promissum
962 2223 1044 2272 hehet.
1078 2221 1198 2272 Decentii.
1225 2223 1303 2272 Hora-

801 2294 850 2346 tius
866 2296 888 2345 1.
899 2297 947 2346 Od.
959 2295 1033 2346 xxxii.
1046 2297 1084 2345 12.
1100 2301 1168 2363 nigro
1183 2299 1247 2346 crine
1263 2301 1303 2346 de-

801 2386 875 2420 m·
965 2382 968 2389 ,

831 2444 969 2494 tet-56⁷.
978 2443 1072 2494 Primus
1078 2461 1141 2492 amor
1147 2444 1234 2503 Plinii,
1241 2446 1304 2511 ete]

802 2517 991 2570 sinuamine
1009 2529 1090 2570 netem
1109 2520 1227 2586 putabant
1246 2537 1304 2570 non·

803 2592 873 2652 nulli,
886 2594 950 2660 quod
966 2594 1055 2661 Apollo
1072 2593 1180 2646 docuerit
1196 2595 1306 2646 homines

802 2667 909 2734 plantare
923 2669 1024 2718 laurum.
1056 2670 1121 2719 Vide
1137 2671 1227 2720 Euseb.
1239 2671 1304 2720 Pre-

802 2752 880 2807 perut.
898 2743 991 2808 Eveng.
1009 2743 1044 2793 11.
1061 2743 1078 2794 i.
1110 2744 1193 2794 Potius
1211 2744 1305 2794 videtur

801 2817 867 2867 lusus
891 2818 999 2885 poeticus
1023 2835 1083 2868 esse.
1124 2819 1204 2869 Poeta
1230 2821 1303 2878 enirn,

801 2908 876 2958 quum
893 2893 991 2943 nomina
1007 2893 1117 2960 quedam
1133 2895 1219 2960 puellis
1236 2911 1304 2960 nym-

801 2966 884 3032 phiave
895 2981 950 3016 cum
964 2967 1053 3033 plantis
1067 2967 1204 3017 communie
1216 2977 1303 3027 essent,

802 3041 872 3091 iecile
883 3057 911 3091 eo
922 3040 1010 3091 deduci
1023 3050 1159 3108 potnerunt,
1169 3051 1197 3093 ut
1210 3042 1264 3094 illes
1279 3044 1304 3093 in

802 3114 846 3165 hus
864 3125 967 3166 mutatas
986 3116 1109 3182 fingerent,
1130 3117 1251 3183 Daphnen
1278 3118 1303 3168 in

802 3190 896 3240 laurum
912 3189 1045 3257 (δάφνην.)
1061 3193 1184 3258 Myrrham
1198 3190 1223 3241 in
1241 3209 1304 3258 myr-

801 3265 868 3314 rhem
889 3266 1003 3323 arborem,
1023 3274 1069 3315 etc.
1102 3265 1229 3318 Ridiculus
1247 3283 1303 3317 vero

800 3347 838 3389 est
853 3341 1035 3397 seen-eruce,
1049 3341 1091 3406 qui
1107 3356 1150 3407 per
1167 3341 1303 3408 Apollinem

800 3412 945 3478 Augustum,
956 3430 998 3481 per
1014 3414 1096 3480 Daph.
1107 3414 1200 3464 Liviam
1216 3415 1304 3465 intelli·

800 3489 843 3555 git,
852 3505 916 3556 quse,
929 3497 1044 3554 tunquam
1054 3489 1144 3548 laurus,
1154 3491 1241 3540 sterilis
1252 3492 1302 3540 iue-

800 3564 837 3613 rit.
870 3564 894 3613 A
915 3565 1022 3614 Diodoro
1047 3563 1135 3630 Epaite
1161 3563 1224 3614 hanc
1252 3565 1302 3615 inb.

801 3647 925 3690 tractatam
949 3655 1010 3696 esse,
1031 3639 1135 3688 netrevit
1162 3639 1304 3690 Parthenius

799 3713 827 3762 io
839 3713 949 3771 Eroticis,
962 3728 1016 3779 cap.
1028 3731 1068 3764 xv.
1099 3713 1195 3768 Noster,
1206 3713 1248 3778 qui
1263 3729 1301 3762 re-

801 3788 846 3836 bus
856 3786 976 3838 amatoriis
986 3787 1159 3850 delectabatur,
1170 3785 1210 3834 hic
1225 3787 1303 3836 indul-

801 3861 833 3911 sit
846 3861 949 3928 ingenio,
959 3863 1036 3914 multa
1050 3863 1184 3928 petulanter
1200 3861 1302 3929 scripsit,

802 3937 871 4002 plura
883 3938 956 3987 etiem
973 3937 1037 3988 hund
1052 3936 1127 3987 dubie
1140 3936 1191 4004 ipse
1205 3937 1304 3988 invenit.

801 4012 925 4062 Traditum
934 4023 1066 4080 acceperut,
1074 4013 1210 4078 Apollinem
1221 4029 1304 4065 emen·

802 4098 851 4138 tem
866 4104 912 4137 non
925 4103 976 4138 esse
993 4087 1141 4139 redametum
1153 4105 1168 4139 e
1178 4089 1302 4156 Nympho.

802 4163 832 4213 ld
855 4161 977 4212 exornavit
1000 4162 1136 4214 inventione
1157 4165 1208 4222 ille,
1230 4180 1303 4230 quem

250 4233 342 4284 hulam.
374 4233 467 4286 AElinn.
484 4235 517 4285 V.
535 4233 567 4282 ll.
590 4233 616 4283 d.
635 4236 654 4285 l.
674 4245 753 4286 narret
803 4237 943 4286 452-502
958 4233 1099 4295 invenimus,
1122 4254 1171 4303 que
1190 4238 1230 4288 hic
1251 4254 1305 4305 my·

249 4309 358 4374 quidem,
374 4309 522 4376 Apollinem,
540 4309 648 4376 Pythone
667 4311 753 4369 occiso,
803 4312 858 4362 thus
876 4309 963 4376 triplici
979 4309 1073 4361 vinculo
1087 4313 1200 4377 superiori
1216 4313 1305 4362 adnec-

249 4383 378 4448 snmpsiaee
389 4385 630 4445 coronamleureem5
648 4385 753 4434 cedride
803 4386 869 4437 titur.
902 4387 972 4434 Amor
986 4385 1075 4450 duplici
1094 4403 1181 4446 sensu3
1206 4403 1261 4436 nnrn
1279 4396 1305 4438 et

250 4457 362 4508 Perizon.
383 4459 415 4508 ed
443 4458 468 4507 d.
489 4459 508 4509 l.
541 4459 634 4528 Nempe
657 4459 753 4526 Apollo,
804 4471 907 4510 amntem
924 4460 1051 4525 significet,
1067 4467 1092 4508 et
1109 4476 1304 4525 amoremquem

248 4531 360 4598 Pythone
376 4533 465 4591 occiso,
481 4535 542 4600 fugit
557 4534 582 4584 in
598 4535 697 4601 Tempe,
708 4534 754 4584 ihi·
804 4534 899 4602 Cupido
909 4537 980 4590 dedit,
992 4533 1101 4583 irritavit.
1122 4535 1217 4590 Petreio,
1229 4535 1303 4583 Penei

248 4621 299 4671 qne
319 4623 404 4657 novem
420 4623 496 4658 annos
511 4608 591 4658 latuit.
622 4609 684 4658 Tum
699 4625 755 4658 vero
803 4608 1006 4659 'l'hessnliaefluvii
1017 4609 1064 4673 (de
1074 4623 1123 4674 qun
1134 4607 1164 4656 nd
1175 4624 1223 4658 ver.
1232 4607 1303 4670 569.)

247 4680 362 4806 nillil:
375 4681 447 4806 {plliit
465 4683 574 4750 Delphos
590 4693 615 4733 et
632 4683 754 4734 oreculurn
806 4684 862 4734 filia.
895 4682 945 4806 liii
957 4699 1020 4742 vero,
1031 4691 1058 4732 ut
1072 4682 1153 4732 Schol.
1165 4683 1262 4733 Homer.
1271 4683 1304 4734 sd
