3522 6012
422 785 891 855 umnnonrnosnou
915 785 1006 854 mn.
1032 736 1115 854 un.
1231 791 1297 856 rso

250 961 400 1038 AEsonis
416 961 585 1038 effoetum
602 960 757 1061 proferri
775 985 912 1066 corpus
929 962 981 1036 ad
995 986 1079 1038 oras
1222 969 1295 1040 252

248 1079 272 1154 J
275 1079 382 1167 ussit,
401 1079 496 1156 etin
513 1080 645 1179 plenos
663 1079 869 1154 resolutum
885 1080 1051 1154 carmine
1069 1103 1233 1167 somnos,

251 1195 427 1271 Exanimi
445 1195 618 1285 similem,
634 1196 762 1272 stratis
780 1197 949 1295 porrexit
964 1197 1003 1271 in
1020 1196 1160 1274 herbis.
1179 1199 1295 1294 [tros;

251 1311 351 1388 Hinc
366 1313 497 1413 procul
510 1311 728 1401 AEsoniden,
740 1315 872 1413 procul
883 1315 972 1390 hinc
982 1316 1094 1414 jubet
1103 1315 1157 1390 ire
1169 1315 1297 1390 minis-

251 1429 302 1505 Et
318 1441 447 1506 mouet
463 1431 610 1506 arcanis
628 1431 759 1506 oculos
773 1454 963 1508 removere
981 1431 1170 1531 profanos.
1223 1437 1297 1507 356
1345 1441 1347 1446 “

251 1546 466 1644 Diffugiunt
479 1546 598 1646 jussi:
630 1547 770 1645 sparsis
788 1545 931 1623 Medea
947 1548 1094 1647 capillis
1148 1619 1149 1627 i

252 1663 514 1740 Bacchantum
531 1663 605 1738 ritu
622 1663 827 1762 flagrantes
843 1663 978 1740 circuit
994 1689 1099 1754 aras;

251 1780 538 1878 Multifidasque
556 1780 658 1858 faces
673 1782 713 1856 in
729 1781 832 1858 fossa
848 1781 1042 1878 sanguinis
1059 1792 1142 1856 atra

251 1896 427 1994 Tinguit3
455 1908 495 1972 et
512 1896 688 1974 intinctas
707 1897 866 1996 geminis
884 1899 1115 1974 accenditis
1132 1897 1229 1987 aris3

250 2012 402 2112 Terque
416 2037 546 2088 senem
559 2013 723 2102 flamma,
735 2026 793 2090 ter
806 2037 918 2113 aqua,
929 2025 988 2090 ter
996 2014 1138 2100 sulfure
1151 2016 1296 2090 lustrat.

302 2129 454 2206 Interea
469 2130 636 2206 validum
654 2131 780 2231 posito
798 2132 1034 2206 medicamen
1051 2132 1172 2207 abeno
1224 2135 1298 2206 262

252 2245 398 2333 Fervet,
418 2257 456 2322 et
473 2249 633 2337 exultat,
648 2249 874 2348 spumisque
891 2249 1123 2324 tumentibus
1141 2248 1255 2323 albet.

251 2361 335 2437 Illic
353 2361 552 2438 Haemonia
568 2365 714 2440 radices
731 2366 828 2440 valle
845 2377 1025 2455 resectas,
1149 2364 1151 2372 '

252 2478 495 2578 Seminaque,
515 2481 715 2578 floresque,
731 2492 771 2556 et
788 2505 922 2556 succos
935 2463 1111 2580 'incoquit
1127 2504 1255 2556 acres:

237 2591 394 2694 'Adjicit
411 2606 582 2672 extremo
599 2597 745 2698 lapides
766 2597 923 2673 Oriente
941 2599 1093 2698 petitos,
1226 2601 1299 2672 266

252 2712 314 2800 Et,
334 2737 430 2811 quas
449 2712 596 2789 Oceani
613 2715 773 2790 refluum
789 2739 892 2790 mare
909 2716 1012 2802 lavit,
1031 2737 1186 2788 menas:

250 2829 370 2905 Addit
385 2840 425 2905 et
442 2841 625 2931 exceptas
643 2831 752 2908 Luna
768 2841 948 2932 pernocte
965 2830 1132 2933 pruinas,

250 3089 343 3154 Nempe
355 3089 749 3154 magesersiissuucurminaim-
799 3088 972 3155 insbenoigni
979 3088 1096 3155 apposito.
1122 3088 1227 3138 Bsoitm
1238 3085 1301 3140 Vide

249 3165 436 3212 murmurabunt.
457 3163 508 3214 xiv.
527 3167 575 3214 et:
604 3164 650 3214 Ter
675 3167 751 3213 nonies
799 3163 831 3214 sd
845 3164 877 3213 vi.
893 3165 950 3214 645.
986 3163 1059 3212 rato.
1088 3163 1164 3219 Unus.
1177 3162 1254 3227 jeros.
1273 3171 1300 3212 ut

249 3254 341 3288 comes
356 3241 444 3304 magico
461 3241 677 3290 detonsarum.
709 3237 749 3288 Sic
799 3238 860 3288 inire
879 3239 937 3290 314.
971 3238 1089 3288 rimoso
1105 3239 1188 3288 cultro.
1220 3237 1301 3285 Succos

248 3321 274 3360 et
290 3315 384 3368 stridon
402 3311 433 3362 de
454 3327 502 3378 quo
521 3309 698 3363 Bruucthusius
718 3311 750 3361 ud
798 3317 891 3364 mucore
904 3321 947 3363 sut
960 3329 1053 3376 coquere
1069 3312 1165 3363 solenne
1180 3319 1206 3361 et
1222 3311 1300 3376 ipsum

248 3387 330 3440 rtbur.
341 3386 362 3438 1.
373 3386 399 3436 ii.
415 3387 461 3444 47;
478 3394 504 3436 et
513 3387 606 3453 srsssor
622 3389 749 3445 sobmon.
800 3387 832 3438 de
847 3387 966 3438 veneficis.
989 3387 1069 3436 mour.
1078 3387 1128 3438 111.
1137 3403 1161 3436 v.
1170 3388 1195 3436 9.
1228 3385 1299 3447 Lapi-

248 3461 341 3512 Arnob.
349 3460 414 3512 Λᾶν.
423 3469 488 3526 gent.
498 3460 515 3511 i.
525 3478 550 3527 p.
558 3463 600 3512 ³2.
632 3462 750 3526 Profert,
800 3460 1015 3528 dussquorundam
1031 3476 1089 3510 usus
1104 3470 1130 3512 et
1138 3459 1163 3510 in
1174 3459 1300 3522 medicine.

249 3536 375 3602 quiajam
391 3538 504 3584 recturus
520 3535 589 3600 (vide
610 3535 750 3586 adversum
802 3534 867 3584 Plio.
886 3534 949 3584 Hist.
966 3534 1026 3584 Nat.
1045 3533 1129 3584 xxxvi.
1149 3535 1188 3583 19.
1231 3533 1299 3582 Mure

252 3613 299 3660 186
310 3609 331 3672 i)
348 3609 453 3674 alioquin
462 3612 558 3672 produci
568 3608 675 3664 dixisset.
685 3609 749 3674 quod
801 3609 895 3668 Οσωπί,
906 3617 941 3666 ut.
951 3608 978 3658 ii.
988 3609 1045 3658 672.
1054 3625 1144 3673 equora
1152 3609 1225 3670 posti.

250 3684 457 3735 habentuonnnili
473 3685 543 3733 MSS.
554 3683 684 3749 intorques
698 3683 749 3734 us·
833 3683 890 3733 too.
907 3683 1027 3740 Persosts.
1037 3698 1079 3749 pro
1089 3682 1187 3747 vulgus
1196 3684 1224 3730 ds
1237 3689 1301 3729 nom

249 3759 283 3824 gii
294 3757 374 3808 nostri.
408 3758 599 3822 Phocenses.
626 3757 750 3816 inberbis,
800 3757 929 3822 ascriptum
955 3755 1094 3806 Zulicbemii
1111 3755 1195 3806 Codici
1210 3754 1301 3820 recepit

250 3848 311 3898 quot
321 3832 389 3882 locus
404 3831 445 3881 irre
456 3832 555 3881 ferebat.
590 3831 698 3896 Psessoi,
708 3848 750 3882 ex·
800 3830 924 3882 Heinsius.
940 3829 1302 3896 Regiisostrihsbentrosoee.

250 3915 328 3973 pertus
337 3907 394 3956 trtis
407 3906 506 3972 magice
517 3921 565 3956 non
577 3905 665 3956 iniristi
677 3906 751 3956 sacris
801 3907 873 3964 διώ,
884 3905 936 3956 evis
952 3914 1024 3956 noctu
1038 3907 1165 3962 volasset
1180 3905 1250 3954 cunis
1264 3905 1301 3954 in·

249 3981 306 4032 iilis.
800 3980 902 4030 fantium
914 3979 1037 4038 imidisns.
1047 3995 1146 4046 quorum
1161 3979 1301 4044 sanguinem

282 4058 340 4108 259.
367 4055 449 4120 Atre]
489 4055 530 4104 Ad
551 4054 637 4104 iussam
660 4051 751 4114 retulit,
801 4061 918 4118 exugrmt.
935 4055 1001 4106 Fest.
1010 4055 1042 4104 vi.
1054 4055 1108 4104 139.
1134 4053 1301 4120 rasamamos

250 4130 375 4196 quoderat
388 4130 418 4179 ud
432 4131 574 4194 sanguinem
590 4127 749 4178 referendum.
800 4128 877 4178 solum
902 4136 997 4195 propter
1021 4127 1193 4186 crudelitatem,
1214 4128 1257 4178 red
1277 4137 1302 4178 et

250 4205 282 4254 Et
299 4205 382 4270 vulgo.
402 4207 452 4254 otri
478 4203 596 4254 scribitur.
641 4203 749 4260 Lustrat,
800 4203 863 4262 ideo,
878 4202 943 4268 quod
962 4203 1014 4270 ejus
1032 4203 1086 4261 uie.
1104 4219 1152 4252 ova
1168 4213 1194 4252 et
1211 4205 1302 4254 viscera

250 4280 360 4330 circumit
379 4295 460 4330 senem
487 4278 656 4330 circumferens
681 4277 749 4326 flam·
801 4275 1301 4342 adhibebantminsrtemsgicsffloratius.

250 4352 432 4418 metti.etc.qui
446 4368 497 4402 mos
513 4351 617 4402 solennis
629 4351 654 4401 in
668 4350 750 4417 expis-
799 4350 911 4416 Epod.v.
923 4353 972 4412 205
996 4352 1142 4418 Propertius,
1152 4353 1201 4402 111.
1211 4353 1286 4402 iate
1293 4371 1300 4414 5

250 4429 362 4478 tionibus.
394 4427 554 4478 IndeGrsecis
565 4426 741 4493 sspayvttsv.
799 4424 901 4482 Seneca,
923 4425 993 4476 Med.
1011 4427 1069 4478 ⁷³5.
1111 4425 1198 4492 Itaque
1216 4426 1300 4492 striges

283 4504 341 4552 262.
357 4501 451 4554 istesso
458 4504 569 4559 solidum,
577 4502 640 4565 etc]
659 4502 689 4550 In
700 4516 750 4550 cer-
801 4497 1300 4565 vulgobabebuuturproseneficisintnles

251 4576 315 4628 mins
332 4577 424 4628 Nomi
440 4576 517 4628 multa
534 4573 652 4642 φάρμακα
670 4573 752 4641 coquit
800 4588 858 4622 sves
867 4572 972 4630 mutatis.
983 4581 1098 4638 munique
1108 4573 1134 4624 in
1145 4573 1299 4624 execrationi·

250 4653 294 4704 ἐπὶ
303 4651 428 4720 χρυσίοωι
438 4650 550 4716 Mosco.
583 4651 660 4700 Posito
670 4651 750 4706 arm.
801 4647 846 4697 bus
853 4655 878 4696 et
883 4645 1104 4714 imprecationibus:
1115 4647 1251 4706 Pliniusri.
1259 4649 1300 4700 39.
