3588 6000
478 785 520 850 liv
575 845 581 854 ,
922 777 1092 844 SERIES

483 959 561 1032 Quo
576 957 664 1022 lacto
683 973 809 1018 eororce
824 951 904 1036 ipeae
918 951 951 1013 in
967 951 1214 1036 oerpcrtilioner,
1226 973 1402 1040 earumque
1416 956 1489 1022 telae
1501 960 1534 1024 in

482 1081 574 1143 ritem
589 1073 824 1141 trmeiormetoe
840 1082 924 1135 sunt.
972 1069 1046 1136 Hac
1060 1070 1102 1134 de
1118 1093 1153 1134 re
1168 1093 1268 1155 quum
1283 1073 1344 1138 leo
1356 1073 1532 1154 letaretur,
1611 1100 1619 1108 ·

481 1197 581 1271 duno,
602 1205 635 1258 et
654 1189 801 1256 invidens
824 1198 858 1253 et
877 1164 1058 1272 indignans,
1080 1186 1211 1252 Furiam
1232 1191 1262 1254 ei
1282 1191 1420 1270 immisit,
1440 1196 1533 1279 cujus

479 1335 604 1380 veneno
619 1313 651 1375 in
665 1310 819 1376 insaniam
834 1327 927 1370 verse
941 1327 1015 1372 cum
1030 1307 1204 1372 Melicerta
1221 1307 1287 1374 lilio
1304 1311 1337 1374 in
1355 1333 1443 1376 mere
1458 1335 1533 1398 pro-

480 1433 583 1511 eiluit;
607 1426 676 1507 sed,
692 1427 823 1494 Venere
843 1427 1077 1502 intercedente,
1092 1426 1189 1490 ambo
1206 1427 1288 1492 iacti
1300 1439 1376 1493 eunt
1390 1429 1453 1494 Dii
1466 1453 1532 1496 nro-

478 1551 551 1615 rini.
590 1549 685 1622 Quos
706 1546 784 1610 dum
807 1543 935 1608 comiter
956 1544 1097 1608 Sidonia
1114 1567 1175 1630 pro
1192 1547 1327 1610 mortuis
1347 1545 1530 1632 deplorant,

478 1673 512 1736 in
528 1689 615 1734 roco
635 1676 669 1730 et
684 1665 826 1728 volume
842 1672 1017 1726 mutantur.
1032 1705 1034 1710 -
1060 1662 1199 1727 Cadmea
1213 1685 1356 1749 quoque,
1371 1665 1433 1730 hac
1447 1664 1531 1731 cah.

477 1789 588 1854 mitete
610 1793 798 1860 commotus,
819 1778 940 1847 relictis
961 1779 1101 1858 Thebis,
1119 1781 1153 1846 in
1172 1780 1314 1868 Illyrium
1333 1805 1406 1848 cum
1426 1807 1529 1850 uxore

475 1899 642 1993 proiectus
671 1910 732 1975 eat,
757 1899 815 1962 ubi
840 1909 977 1982 uterque
1007 1899 1199 1986 orgeireom
1216 1901 1363 1986 formem
1390 1905 1526 1990 aceepit.

478 2023 574 2090 Solus
599 2043 678 2108 ergo
702 2019 846 2084 restabat
874 2017 917 2082 de
941 2016 1065 2082 Bacchi
1091 2020 1344 2085 contemtoribus
1369 2019 1527 2098 Acri-rice,

476 2165 555 2208 avus
571 2139 695 2215 Persei,
715 2137 772 2222 qui
792 2135 956 2222 Gorgonis
973 2149 1073 2222 caput
1095 2138 1321 2224 amputante
1344 2141 1436 2225 cujus
1456 2163 1528 2206 ean-
1648 2179 1650 2186 ›

423 2340 433 2357 .
476 2265 585 2350 guine,
601 2259 752 2346 guttatim
771 2259 804 2321 in
820 2267 939 2322 terrem
959 2255 1104 2342 delapso,
1119 2279 1241 2344 arguet
1255 2259 1361 2322 exorti
1376 2269 1470 2337 eunt;
1493 2271 1527 2324 et

476 2383 637 2446 Athmtem
656 2378 690 2441 in
708 2385 860 2452 montem,
875 2375 1049 2462 virgasque
1062 2386 1138 2460 post
1152 2373 1396 2440 Andromedam
1410 2375 1527 2442 libera·

475 2513 541 2565 tam
549 2499 582 2562 in
592 2496 715 2562 coratio
724 2494 892 2569 convertit,
900 2491 1146 2558 Andromedam
1154 2505 1262 2558 autem
1273 2515 1408 2560 uxorem
1420 2495 1524 2560 duxit.

519 2617 594 2682 Lib.
611 2614 654 2682 V.
680 2613 765 2679 Orto
788 2612 906 2677 deinde
926 2612 960 2676 in
979 2613 1099 2697 nuptiis
1117 2611 1268 2690 tumultu,
1284 2613 1449 2690 Phineum,
1469 2613 1524 2699 qui

475 2757 626 2824 sponsam
646 2733 707 2798 sibi
720 2731 916 2812 vindicabit,
932 2753 1006 2796 oum
1026 2733 1103 2809 euie,
1124 2743 1158 2798 et
1176 2755 1253 2796 mox
1270 2733 1367 2796 etiem
1382 2732 1525 2800 Proetum

473 2865 507 2921 et
521 2853 717 2938 Polydecten
738 2871 853 2914 saxeos
870 2849 990 2914 reddit.
1029 2847 1117 2914 Tum
1132 2849 1258 2927 Pallor,
1273 2849 1347 2935 quoe
1366 2850 1524 2918 haetenus

473 2973 586 3038 Persei
605 2991 712 3036 comes
732 2969 849 3044 inierat,
868 2989 908 3032 eo
927 2966 1052 3044 relicto,
1067 2967 1101 3032 in
1120 2965 1311 3034 Heliconem
1332 2991 1367 3034 ee
1386 2968 1523 3047 confert,

472 3102 510 3156 ut
520 3089 750 3176 ffippoorenen
764 3087 921 3172 inspiciat.
955 3085 1007 3150 lbi
1018 3097 1150 3150 narrant
1160 3087 1191 3152 ei
1204 3086 1311 3152 Musae
1321 3088 1364 3153 de
1375 3088 1523 3174 Pyrenen

471 3219 506 3274 et
520 3207 705 3274 Pieridibue
722 3205 754 3269 in
768 3205 866 3291 picae
880 3206 1053 3281 conversis,
1068 3215 1241 3292 postquam
1260 3217 1358 3270 cantu
1377 3207 1524 3272 instituto

472 3327 548 3391 hinc
562 3325 605 3390 de
619 3323 714 3388 reriie
723 3323 867 3386 Deorum
881 3323 1214 3408 tranrsornrotionibue
1224 3325 1256 3388 in
1267 3322 1427 3401 animalia,
1437 3323 1522 3390 illinc

472 3446 514 3510 de
532 3451 630 3528 raptu
645 3440 862 3526 Proeerpinoe,
877 3439 919 3504 de
942 3430 1070 3504 Cereris
1091 3441 1263 3517 erroribru,
1279 3442 1320 3506 de
1344 3443 1472 3528 Oportet
1489 3445 1523 3508 in

459 3563 598 3648 fontem,
608 3557 884 3646 puericujuedem
895 3557 928 3620 in
938 3557 1121 3633 stellionem,
1131 3557 1351 3643 Areoloplrim
1362 3559 1523 3638 bubonem,
1628 3569 1634 3578 “

472 3682 628 3756 Sirenum,
644 3677 873 3763 Proserpinam
887 3677 1112 3762 querentium,
1127 3678 1159 3740 in
1174 3697 1250 3742 over
1264 3699 1305 3742 ex
1321 3689 1425 3762 parte,
1441 3677 1523 3744 Are·
1549 3737 1552 3744 .

471 3801 572 3864 thuere
591 3798 624 3862 in
646 3799 769 3873 latices,
787 3797 894 3882 Lynci
913 3797 1053 3881 denique
1073 3796 1158 3881 regie
1175 3797 1208 3860 in
1228 3797 1323 3878 lynca
1340 3797 1523 3864 mutationi·

470 3917 545 3992 bus,
560 3925 657 4000 etque
679 3914 865 4000 Triptolemi
879 3911 1078 3997 agricultura
1092 3915 1176 3978 inter
1190 3935 1225 3978 ee
1240 3925 1450 3980 certaverant.

516 4032 591 4096 Lib.
608 4031 669 4096 VI.
694 4032 772 4105 Quo
790 4033 941 4117 exemplo
958 4045 1047 4099 mota
1061 4032 1169 4098 Pellae
1184 4034 1226 4098 de
1241 4033 1408 4100 Arachnes
1420 4037 1522 4101 exitio

469 4149 631 4234 cogitavit.
677 4146 791 4233 ltaque
816 4149 896 4215 inito
918 4173 992 4215 eum
1013 4173 1053 4216 ee
1075 4151 1208 4216 texendi
1228 4153 1414 4231 certamine,
1432 4166 1521 4238 post-

470 4289 567 4354 quem
581 4265 750 4350 utriusque
762 4265 827 4332 tole
836 4267 947 4332 romae
960 4268 1256 4354 transmutationes
1266 4273 1519 4354 representavit,

468 4387 571 4472 ipeam
585 4384 619 4447 in
632 4405 785 4448 araneam
799 4387 942 4450 mutavit.
975 4386 1095 4471 Neque
1110 4359 1217 4451 tamen
1232 4388 1340 4452 Niobe
1353 4388 1520 4474 populeris

468 4505 567 4590 hujus
585 4523 684 4588 poena
703 4502 867 4566 admonitu
887 4514 947 4580 est,
962 4527 1027 4589 quo
1048 4506 1152 4570 minue
1173 4527 1207 4570 ee
1228 4505 1364 4571 Latonae
1387 4506 1520 4592 praeier-

395 4673 399 4682 .
467 4635 534 4701 ret;
557 4623 600 4688 ob
621 4643 718 4707 quam
738 4620 900 4699 ferociam,
919 4623 1095 4688 interfectis
1116 4625 1160 4688 ab
1182 4622 1336 4710 Apolline
1356 4638 1390 4690 et
1411 4625 1519 4692 Diana
