3526 6018
422 777 899 850 umsnoupnosnou
919 780 1009 849 nra.
1025 781 1075 871 u.
1206 782 1271 850 rsa

220 957 404 1044 Quamvis
423 958 518 1032 irata
535 967 605 1046 est,
625 981 700 1031 non
718 957 790 1032 hoc
809 955 904 1032 irata
920 955 1088 1054 negabit.

221 1075 322 1150 Nam
340 1099 402 1152 me
421 1073 613 1150 Phocaica
629 1076 752 1150 clarus
771 1074 906 1150 tellure
925 1073 1133 1162 Coroneus,
1196 1077 1269 1148 569

221 1191 258 1268 N
260 1203 325 1270 ota
342 1193 488 1292 loquor,
508 1189 661 1290 genuit3
680 1189 903 1290 fueramque
919 1215 991 1288 ego
1008 1189 1113 1288 regia
1125 1191 1250 1288 virg03

221 1309 490 1407 Divitibusque
508 1307 646 1408 procis,
665 1333 713 1382 ne
726 1331 788 1383 me
805 1318 1019 1396 contemne,
1038 1308 1208 1406 petebar.
1245 1395 1249 1402 .

222 1425 358 1500 Forma
375 1425 466 1498 mihi
484 1424 637 1500 nocuit:
665 1447 752 1500 nam
770 1447 889 1522 quum
906 1449 974 1526 per
990 1424 1100 1500 litura
1116 1424 1229 1500 lentis

220 1539 419 1629 Passibus,
438 1552 480 1617 ut
498 1543 614 1630 soleo,
633 1566 782 1616 summa
798 1542 983 1640 spatiarer
1001 1563 1125 1630 arena,
1196 1545 1270 1616 573

219 1657 337 1745 Vidit,
356 1670 395 1734 et
412 1659 569 1734 incaluit
585 1659 710 1760 pelagi
729 1659 858 1735 Deus:
887 1669 1009 1758 utque
1024 1659 1215 1757 precando

220 1773 410 1874 Tempora
426 1799 513 1850 cum
530 1775 680 1850 blandis
698 1775 936 1874 consumpsit
952 1775 1079 1850 inania
1095 1775 1242 1865 verbis;

221 1890 308 1965 Vim
324 1901 444 1989 parat,
456 1901 496 1966 et
508 1891 701 1990 sequitur:
722 1891 838 1989 fugio,
850 1892 1088 1990 densumque
1098 1892 1271 1991 relinquo

222 2003 341 2094 Litus,
358 2017 398 2082 et
415 2007 453 2080 in
471 2007 574 2083 molli
591 2007 847 2108 nequicquam
865 2008 985 2084 lassor
1002 2031 1128 2083 arena.

224 2122 319 2202 Inde
337 2123 453 2212 Deos,
473 2124 721 2222 hominesque
738 2149 854 2214 voco;
884 2149 955 2200 nec
976 2125 1136 2222 contigit
1153 2125 1272 2200 ullum
1368 2137 1376 2144 “
1399 2101 1407 2112 ’

222 2239 308 2316 Vox
319 2265 408 2316 mea
424 2243 642 2318 mortalem:
670 2252 774 2318 mota
790 2253 850 2317 est
867 2266 935 2341 pro
953 2241 1098 2338 virgine
1115 2241 1232 2341 virgo,

220 2356 494 2456 Auxiliumque
511 2359 620 2434 tulit:
649 2361 852 2436 tendebam
870 2358 1161 2448 brachiacoe103
1197 2363 1272 2435 580

223 2471 388 2549 Brachia
405 2485 601 2574 coeperunt
618 2477 764 2552 levibus
782 2476 997 2574 nigrescere
1013 2474 1163 2574 pennis.

224 2588 398 2688 Rejicere
416 2615 465 2666 ex
483 2591 651 2669 humeris
666 2602 809 2669 vestem
826 2592 1011 2682 molibar;
1041 2601 1081 2665 at
1097 2590 1164 2664 illa

222 2703 360 2784 Pluma
379 2719 483 2798 erat;
513 2709 629 2807 inque
647 2720 774 2786 cutem
792 2711 939 2786 radices
958 2709 1089 2784 ederat
1105 2707 1213 2783 imas.

223 2820 411 2922 Plangere
429 2826 532 2900 nuda
547 2825 643 2900 meis
659 2827 825 2901 conabar
841 2837 997 2926 pectora
1013 2824 1172 2924 palmis:
1198 2827 1272 2898 584

224 2938 301 3014 Sed
315 2965 440 3040 neque
453 2944 534 3040 jam
545 2943 704 3041 palmas,
717 2967 788 3018 nec
799 2942 1068 3042 pectoranuda
1079 2941 1270 3040 gerebam.

221 3055 451 3148 Currebam3
473 3083 555 3147 nec,
576 3070 618 3134 ut
635 3071 734 3148 ante,
755 3060 874 3160 pedes
892 3059 1079 3134 retinebat
1096 3080 1231 3132 arena:

223 3173 300 3250 Sed
318 3200 467 3251 summa
483 3177 642 3253 tollebar
659 3178 794 3254 humo:
816 3201 905 3252 mox
923 3187 1009 3253 acta
1026 3200 1094 3276 per
1111 3198 1222 3248 auras

253 3377 309 3428 ὃω.
321 3378 384 3426 Num
394 3395 428 3428 me
440 3377 575 3444 Phocaico]
590 3379 676 3430 Phocis
686 3396 723 3430 re·
806 3381 863 3430 579.
875 3379 924 3428 Pro
935 3379 1026 3444 virgins
1036 3377 1121 3443 uirga]
1132 3375 1213 3426 Pallas
1223 3391 1275 3442 per-

220 3451 260 3517 gio
278 3451 390 3510 Gracia,
410 3453 511 3502 finitima
540 3454 637 3512 Atticm,
659 3454 723 3504 unde
772 3463 845 3520 patus
871 3453 977 3518 gaudeus
1004 3451 1148 3518 virginitate.
1187 3449 1276 3504 Claud.

223 3525 349 3576 Phocaicas
358 3526 493 3576 deducitur.
521 3526 551 3577 In
568 3527 723 3593 sequentibus
773 3547 845 3580 xxxv.
855 3531 916 3580 wi:
928 3531 1032 3579 stimulat
1046 3529 1276 3578 commonitionum:

221 3602 323 3651 multum
334 3601 401 3662 ἦθος,
421 3603 484 3652 Nota
495 3605 572 3668 loquor
582 3602 657 3661 addit,
666 3603 724 3669 quia
776 3604 914 3672 Virginitas.

221 3676 314 3726 natales
327 3677 413 3743 jactat.
447 3675 552 3737 Festive,
571 3694 600 3726 rm
618 3693 652 3726 ms
670 3695 723 3727 con-
805 3679 863 3730 580.
881 3679 1008 3729 Tendebam
1023 3673 1203 3738 trachiniam]
1220 3673 1273 3724 Sirr-

222 3759 302 3799 ΜΜ·
706 3792 707 3799 .
772 3755 829 3820 gula
843 3750 1168 3817 membrainsctuquodsm
1180 3759 1276 3798 mutan-

254 3827 312 3876 572·
331 3826 422 3874 Swumc
432 3825 647 3890 marianarum]
666 3823 722 3874 Vir·
772 3837 827 3878 tur:
845 3831 899 3879 coelo
920 3841 990 3894 saque
1010 3835 1075 3876 recte
1096 3841 1124 3874 ec
1139 3827 1170 3874 ud
1186 3826 1275 3874 culum.

222 3898 265 3964 gil.
285 3897 375 3964 Georg.
394 3898 413 3947 i.
430 3900 492 3949 ³89:
516 3897 605 3948 Cornix
629 3900 676 3948 solo
696 3899 722 3948 iu
773 3902 876 3953 Brachia
890 3902 975 3953 melius
988 3903 1013 3952 in
1028 3901 1080 3951 alas
1090 3897 1274 3948 mutatafinxis-

222 3975 367 4024 &mserum
380 3977 585 4038 miicwrarma·
612 3973 722 4040 Spalim·
772 3986 818 4028 set.
847 3977 939 4028 Eadem
950 3985 1031 4027 autem
1042 3977 1115 4025 verbs
1126 3975 1173 4023 477
1184 3989 1239 4038 sqq.

222 4057 260 4098 tur
285 4057 366 4098 autem
393 4049 498 4098 cornices
524 4049 593 4098 lenus
613 4049 723 4111 possim,
805 4053 862 4101 582.
884 4052 990 4116 liq'icsre
1008 4050 1033 4100 in
1055 4057 1156 4114 tergum,
1176 4047 1274 4096 verbum

223 4122 334 4188 idemque
346 4123 454 4174 incessus
468 4121 541 4172 etism
555 4121 671 4188 virginem
686 4137 723 4172 re·
773 4125 798 4174 iu
819 4124 864 4175 bac
884 4141 910 4174 re
929 4124 1065 4191 proprium
1084 4122 1140 4174 ride
1158 4121 1274 4172 Burman.

222 4197 286 4262 giam
296 4195 377 4248 decet.
775 4200 882 4257 Molibus,
893 4200 1017 4265 psrsbam.

254 4272 312 4322 577.
330 4272 418 4330 Mollis,
440 4271 543 4339 pedibus
563 4271 658 4330 cedens,
675 4287 724 4337 quo
806 4275 863 4324 586.
880 4275 988 4331 Comme,
1000 4271 1068 4340 qussi
1084 4271 1195 4338 prolusio
1208 4287 1275 4336 qum·

224 4345 293 4396 iscire
312 4346 432 4396 lunantur
446 4356 575 4396 currentes.
592 4347 656 4413 Opp.
667 4349 723 4396 den·
773 4349 829 4400 dam
839 4348 941 4406 volatus,
951 4347 1025 4398 etium
1036 4345 1069 4396 xi.
1078 4345 1135 4394 336.
1154 4345 1216 4394 Tum
1227 4344 1273 4393 ini-

222 4439 281 4479 sum,
296 4421 415 4483 solidum
432 4419 555 4488 aspergine
573 4421 636 4471 enim
653 4419 726 4470 meris
773 4423 833 4474 tium
852 4425 923 4474 verbo
945 4420 1128 4486 callidamque
1150 4434 1274 4468 succesum
1300 4477 1308 4494 ἱ

223 4495 281 4546 litus
296 4495 409 4547 dmescit.
437 4497 491 4546 Nom
506 4499 613 4564 contigit,
624 4511 670 4544 non
682 4511 723 4544 cx·
774 4497 852 4548 verbis
866 4507 919 4547 scic
933 4498 1012 4547 eushor
1027 4492 1173 4562 exprimitur.
1200 4491 1273 4558 Apud

223 4569 307 4621 auditu
330 4579 375 4619 est.
400 4571 432 4621 iv.
453 4571 514 4622 104:
540 4571 725 4636 Vota-tetigere
775 4573 861 4638 Virgil.
872 4571 968 4622 AEneid.
980 4571 1013 4620 xi.
1023 4571 1078 4618 1³6.
1088 4581 1197 4618 crescens
1214 4565 1274 4614 adeo

224 4646 517 4712 Decatstigerspamstss.
774 4649 844 4716 pinus
854 4649 935 4712 agium
944 4649 975 4695 ad
984 4647 1068 4694 sidmo.

254 4728 334 4780 VOL.
346 4729 395 4780 111.
869 4723 886 4770 S
