3512 6010
431 777 905 866 unriuonruosuon
930 767 1072 848 nrujr.

1218 788 1280 894 *99

225 947 307 1023 Nec
324 950 441 1024 maris
459 952 515 1026 ira
529 963 678 1043 manet3
699 955 902 1054 positoque
919 955 1126 1056 tricuspide
1143 959 1220 1034 telo

225 1063 374 1140 Mulcet
390 1091 510 1165 aquas
528 1079 653 1144 rector
669 1069 818 1168 pelagi:
839 1094 1032 1169 supraque
1049 1073 1277 1172 profundum

225 1178 464 1272 Exstante'rn,
477 1194 594 1282 etque
612 1187 789 1262 humeros
808 1186 936 1262 innato
956 1189 1099 1264 murice
1117 1200 1274 1279 tectum,

225 1295 442 1374 Caeruleum
456 1300 613 1380 Tritona
628 1312 751 1391 vocat,
771 1306 1002 1401 conchaeque
1021 1307 1150 1380 sonaci

226 1411 417 1512 Inspirare
428 1417 561 1514 jubet;
590 1419 808 1518 fluctusque
825 1431 865 1496 et
881 1421 1040 1504 flumina
1057 1422 1166 1518 signo

223 1527 309 1604 Jam
323 1556 499 1610 revocare
512 1535 624 1612 dato:
645 1561 739 1614 cava
754 1539 916 1616 buccine
928 1540 1089 1614 sumitur
1102 1540 1157 1624 illi
1200 1546 1275 1616 335

223 1643 388 1736 Tortilis,
408 1649 584 1726 inlatum
602 1678 689 1751 quae
707 1654 859 1731 turbine
876 1655 1014 1730 crescit
1031 1655 1080 1729 ab
1099 1655 1196 1730 imo:

226 1760 408 1854 Buccina,
427 1789 517 1864 qnae¹
527 1769 653 1846 medio
671 1770 848 1869 concepit
863 1781 907 1844 ut
924 1793 1012 1846 aera
1029 1780 1157 1868 ponto,
1221 1791 1224 1798 ’

226 1874 353 1954 Litora
368 1906 461 1958 voce
479 1885 612 1984 replet,
631 1888 703 1960 sub
720 1896 882 1984 utroque
896 1886 1064 1985 jacentia
1082 1885 1241 1961 Phoebo.

225 1991 321 2068 Turn
339 2020 506 2097 quoque,
525 2011 568 2076 ut
584 2025 652 2078 ora
667 2001 741 2079 Dei
759 2002 913 2081 madida
929 2001 1094 2082 rorantia
1110 2002 1228 2079 barba

255 2228 312 2278 330.
331 2229 529 2298 Potentiamne]
548 2232 613 2283 Hine
629 2247 725 2299 qnoque

225 2299 270 2352 Dei
287 2301 424 2354 interventu
445 2321 481 2356 res
502 2303 591 2372 geritur
612 2315 637 2356 et
655 2303 724 2372 eque

224 2386 360 2443 pecnntnr
369 2387 397 2430 nt
407 2381 504 2432 militen.
525 2381 660 2446 linuntur
670 2385 724 2439 telo,

225 2450 340 2501 tndeote:
357 2454 440 2503 Valet.
454 2455 523 2504 Flac.
538 2454 555 2503 i.
570 2456 627 2505 643.
645 2457 725 2519 trifido

225 2523 305 2583 lanu
321 2525 423 2576 Anthoi.
437 2527 470 2576 iv.
483 2543 535 2595 nep.
546 2528 580 2578 xi.
591 2527 673 2595 Epigr.
684 2530 724 2578 64.

225 2598 335 2662 ιριβιλὶς
349 2598 420 2666 δόριν
438 2617 479 2668 op.
493 2602 613 2670 Lycophr.
624 2605 725 2656 ver.96.

225 2679 308 2722 terrm
318 2675 424 2741 percutit
433 2677 564 2742 τριωνίιχῳ
575 2675 635 2744 δορί.

255 2749 314 2796 331.
328 2747 533 2806 3133333333
550 2767 640 2818 nqueo:
657 2751 724 2817 Virg.

115 2861 121 2874 .
226 2821 354 2872 AEneid.i.
371 2824 412 2872 37.
437 2823 523 2874 AEolun
543 2828 619 2874 mollit
640 2829 725 2875 onimor

225 2902 364 2960 ventorum
381 2897 459 2948 eidenr
472 2899 568 2965 Jupiter
584 2899 652 2950 dedit
662 2903 722 2952 mul-

224 2971 375 3035 emfloetus,
386 2972 419 3021 ib.
428 2988 476 3023 ver.
488 2973 528 3022 66.

255 3045 314 3093 3³2.
328 3047 414 3095 lunato
423 3048 532 3112 morien]
545 3048 661 3114 Ingenitis
671 3065 723 3098 rnn-

224 3116 309 3168 nenos
319 3119 358 3170 vel
375 3130 498 3185 gerentem
511 3121 616 3174 humeris
631 3121 724 3188 ingeni·

124 3185 132 3210 ⁸
225 3193 315 3245 tunibi
324 3193 428 3246 muriceo
439 3205 464 3246 et
471 3195 583 3248 conchae.

255 3269 314 3322 333.
332 3269 451 3336 Tremo]
463 3271 582 3339 Receptui
593 3273 659 3324 canit
671 3273 723 3326 Tri·

225 3353 270 3402 ιοι,
291 3345 400 3411 Neptuni
420 3345 483 3396 filiun
507 3356 532 3396 et
558 3347 663 3406 tubicen,
682 3349 724 3414 qui

224 3418 331 3469 buccine
346 3419 400 3469 loco
415 3423 522 3470 cenetam
538 3421 723 3488 33333313ιὶ-

224 3491 277 3542 dem
288 3495 397 3552 mitem,
404 3497 431 3543 tn
441 3497 523 3552 lutum,
534 3504 580 3546 etc.
590 3514 595 3543 :
607 3495 632 3546 3.
640 3512 663 3546 e.
670 3513 724 3562 qun

225 3567 254 3616 ab
267 3565 317 3617 imo
333 3577 414 3626 centn,
424 3569 540 3634 paulatim
553 3569 582 3617 fit
593 3569 671 3628 letior,
682 3586 724 3620 ve-

224 3638 265 3692 lnti
285 3657 311 3692 ee
333 3641 359 3691 in
379 3659 464 3708 gyrum
485 3643 631 3709 torquendo:
659 3645 724 3695 turbo
749 3637 751 3645 ¹

224 3714 285 3764 eninr
306 3714 434 3782 quidquid,
453 3715 506 3766 coni
527 3715 609 3775 instar,
626 3718 657 3768 nb
676 3717 724 3769 imo

224 3790 572 3846 eentum‚etinsuurmolntiuo
583 3800 628 3840 eet.
651 3791 723 3842 Teleo

223 3863 319 3914 oonehre
335 3863 408 3914 etiem
421 3863 492 3915 hodie
502 3873 616 3916 vocentur
631 3865 722 3915 Triton-

222 3937 336 3988 oloerrrer.
364 3937 453 3990 lisdem
472 3948 497 3988 et
515 3939 571 3988 olim
591 3937 646 3988 Indi
664 3940 722 3990 bue·

222 4011 328 4062 cinerum
351 4013 405 4062 loco
425 4014 567 4063 utebantur:
590 4013 640 4064 vid.
655 4014 723 4062 Mul·

223 4085 284 4138 lerno
304 4087 337 4138 nd
355 4087 441 4138 linaei
459 4088 570 4154 systema
587 4088 647 4137 Nat.
665 4095 723 4140 tom.

224 4159 254 4212 vi.
269 4177 295 4228 p.
317 4163 364 4212 102
382 4171 407 4212 et
424 4155 480 4212 5152
512 4163 568 4228 Ipse
585 4161 669 4214 Triton
689 4163 724 4212 ite

224 4243 303 4286 mure
323 4236 425 4294 nolebat,
445 4244 472 4286 nt
499 4233 594 4285 inlerior
620 4237 724 4302 corporis

223 4324 284 4374 pore.
293 4326 348 4376 que
363 4310 455 4376 pionem
469 4309 594 4366 relerebnt,
605 4310 650 4360 onb
661 4326 724 4376 eque

223 4381 313 4442 lateret,
324 4384 431 4451 superior
447 4392 527 4435 nutem
542 4401 612 4448 repro
625 4383 723 4450 333333-

223 4459 275 4506 tun
289 4467 395 4508 exstaret.
422 4459 522 4510 Homeri
534 4455 593 4508 tecti
609 4465 677 4507 erant
687 4461 723 4506 in·

223 4541 274 4579 noro
284 4535 379 4582 murteo.
402 4535 484 4593 Quum
492 4550 571 4589 morer
581 4548 656 4598 genus
667 4548 724 4582 con·

223 4605 271 4655 ohe
290 4607 330 4664 sit,
347 4607 416 4672 cujus
433 4624 462 4656 ex
481 4606 598 4672 sanguine
621 4621 725 4672 purpure

774 2233 937 2292 oonliceretnr,
948 2231 1057 2283 nonnulli
1072 2247 1102 2282 ex
1117 2233 1142 2282 3.
1152 2233 1171 2283 1.
1186 2251 1275 2301 purpn·

775 2323 841 2370 reum
854 2307 924 2356 nobis
938 2306 1037 2356 Tritona
1053 2306 1180 2357 finxerunt.
1211 2305 1277 2358 Inlra

774 2381 808 2432 iv.
827 2382 884 2431 724.
904 2381 992 2432 bellun
1014 2380 1112 2432 rnerinn
1130 2392 1197 2449 tergo
1217 2385 1278 2433 eonio

774 2472 842 2519 anper
858 2457 928 2504 333113
941 2456 1038 2512 concito¹
1052 2455 1135 2521 quolin
1148 2471 1211 2521 onpe
1226 2471 1281 2506 cer:

774 2537 864 2578 nuntur
888 2529 1036 2578 bolenorum
1063 2535 1137 2594 terga.
1171 2528 1277 2580 Pnurnn.

775 2604 856 2654 Boeot.
871 2621 896 2669 p.
911 2604 968 2660 434,
988 2610 1076 2659 narret,
1093 2601 1143 2652 veri
1162 2603 1277 2658 Tritonis,

775 2693 847 2743 quern
865 2677 915 2744 ipoe
929 2675 1024 2733 viderit,
1040 2692 1125 2742 oorprrs
1143 2677 1276 2726 horrescere

774 2751 842 2800 tenni
853 2766 960 2818 equanto,
970 2748 1050 2817 port:
1059 2751 1151 2816 λεπτῇ.
1168 2751 1218 2800 Sed
1230 2750 1277 2802 loe.

774 2825 870 2875 classic.
885 2825 948 2895 unde
966 2825 1007 2873 nlii
1023 2825 1164 2881 hauserunt,
1183 2835 1219 2874 est
1237 2841 1276 2890 ap.

774 2899 888 2966 Apollon.
908 2897 941 2948 iv.
960 2899 1024 2948 1610
1041 2914 1095 2964 sqq.
1139 2898 1277 2962 Corrolaeone

774 2976 858 3026 333331.
890 2973 928 3022 Ex
939 2971 1049 3038 opinione
1060 2979 1086 3022 et
1100 2971 1214 3038 religione
1226 2973 1276 3022 Ve-

774 3055 850 3098 terum
863 3045 1066 3114 interpretandum
1080 3055 1162 3096 censet
1171 3046 1277 3097 Turneb.

774 3119 816 3172 lib.
827 3121 863 3169 Il.
873 3136 926 3187 cnp.
937 3120 985 3170 xxi.
999 3117 1146 3170 credentium
1153 3119 1276 3169 Tritonem

773 3195 882 3260 Neptuni
898 3193 1078 3244 buccinatorenr
1092 3209 1179 3243 ennoro
1192 3193 1277 3243 immn-

774 3269 847 3336 nique
857 3269 959 3318 elamore
970 3284 1046 3335 nqueo
1055 3267 1177 3334 increpare
1188 3277 1212 3318 et
1223 3277 1276 3318 ton·

774 3359 847 3408 quarn
869 3341 958 3392 auritos
974 3355 1067 3399 vocare,
1086 3357 1139 3407 qne
1161 3343 1213 3410 ejus
1231 3342 1278 3391 irn-

774 3417 839 3485 perio
849 3415 1016 3467 conoueverint
1026 3431 1117 3483 pnrere.

806 3493 864 3542 335.
884 3491 1086 3555 θυι-13313113]
1103 3491 1160 3540 Duo
1170 3489 1276 3557 epitheta

773 3565 816 3617 uni
826 3565 916 3616 nomini
930 3565 1022 3623 addite,
1036 3565 1100 3631 quod
1117 3581 1164 3614 non
1178 3580 1275 3630 meguo-

773 3657 829 3708 pere
840 3641 959 3707 probatur.

806 3717 863 3768 336.
883 3715 998 3778 Tortilis]
1015 3715 1112 3764 Rotorto
1126 3711 1152 3762 in
1169 3710 1276 3761 latitudi-

773 3805 837 3840 nem.
871 3789 927 3844 Qnae
943 3791 1035 3838 1333133
1048 3790 1138 3838 orarit.
1165 3789 1227 3855 Qun
1245 3787 1277 3836 33

773 3879 813 3914 ore
828 3871 929 3929 angusto
943 3861 1027 3927 incipit
1040 3870 1065 3912 et
1080 3861 1106 3912 in
1117 3861 1222 3928 amplum
1234 3860 1275 3909 de·

773 3937 831 3991 sinit
841 3939 872 3988 ed
883 3937 984 3991 turbinis
994 3935 1183 3986 similitudinem.

806 4013 864 4064 337.
877 4011 1111 4075 conceptuum]
1130 4011 1219 4060 Inflato
1231 4018 1275 4068 ent,

773 4085 976 4153 quemadmodum
997 4084 1052 4136 velo
1069 4087 1274 4148 333ιί313333-

773 4171 819 4219 tos,
830 4176 915 4226 pennen
926 4159 1006 4210 avium
1017 4175 1103 4221 aureo3
1113 4169 1151 4218 ot,
1161 4159 1265 4225 quando.

807 4235 865 4285 333.
889 4235 952 4291 Voce,
969 4234 1070 4286 sonitu..
1085 4235 1141 4292 Vox,
1159 4242 1185 4282 nt
1195 4235 1275 4300 φωνὴ,

773 4307 851 4358 omnis
867 4323 954 4358 sonno:
974 4307 1028 4358 vide
1044 4309 1127 4357 Burro.
1160 4308 1200 4356 De
1217 4307 1276 4356 buc·

775 4383 831 4432 cine
854 4380 926 4432 etiarn
946 4381 1015 4448 Virg.
1037 4381 1136 4432 AEneid.
1157 4381 1199 4430 vii.
1219 4383 1276 4430 519.

775 4457 822 4508 Sub
839 4466 944 4520 utroque,
959 4465 1006 4508 etc.
1023 4457 1094 4506 litora
1110 4454 1235 4507 orientalia
1250 4464 1276 4522 et

775 4529 942 4582 occidentalia.-

808 4606 865 4654 339.
878 4605 986 4661 lllodr'do,
998 4603 1061 4668 ete]
1075 4601 1194 4670 Grnphioe
1205 4601 1275 4652 rddi-
