3552 5984
390 749 466 816 DE·
483 749 650 816 OPERE
674 747 1170 822 METAMORPHOSEON.
1227 759 1307 827 xxix

255 921 407 988 euntibus
423 903 587 1008 leguntur,
602 946 683 1018 quas
702 924 840 1008 primum
859 925 1002 1011 singulas
1019 929 1172 1008 ostendit,
1188 915 1306 996 deinde
1369 897 1375 904 .

254 1061 365 1106 omnes
379 1042 539 1106 communi
557 1041 809 1127 metamorphosi
826 1042 1060 1128 complectitur.
1107 1048 1194 1121 Quae
1208 1047 1308 1133 paulo

254 1168 329 1242 ante
353 1159 395 1224 de
414 1159 502 1224 saxis
522 1159 602 1236 dixi,
623 1181 663 1224 ea
685 1170 719 1224 et
740 1161 783 1225 de
803 1182 889 1246 equa
903 1161 1021 1228 valent.
1068 1165 1136 1231 Sed
1153 1166 1187 1230 in
1209 1165 1308 1252 hujus

255 1299 384 1364 quoque
410 1278 603 1346 uniformem
628 1290 778 1360 naturum
802 1282 998 1346 mutationes
1022 1285 1163 1348 suaviter
1186 1293 1322 1358 narrat..

154 1399 157 1406 ’
260 1397 380 1482 Cyane,
396 1421 426 1460 v.
442 1397 524 1462 428:

450 1561 583 1636 Quarum
597 1565 694 1624 fuerat
707 1585 843 1644 magnum
856 1565 941 1626 modo
954 1587 1072 1636 numen,
1086 1570 1117 1627 in
1133 1567 1197 1628 illas

373 1659 562 1720 Extenuatur
576 1680 682 1740 aquas:
704 1660 811 1720 molliri
824 1663 953 1722 membra
967 1661 1089 1733 videres,

371 1754 446 1814 Oma
459 1755 520 1834 pati
536 1754 639 1826 flexus,
654 1775 766 1833 ungues
779 1755 907 1834 posuisse
920 1756 1060 1835 rigorem:

372 1847 527 1927 Primaque
539 1848 577 1908 de
590 1859 652 1908 tota
663 1849 834 1909 tenuissima
847 1868 968 1930 quaeque
981 1850 1156 1928 liquescunt,

372 1942 496 2002 Cerulei
506 1943 608 2013 crines,
618 1943 771 2024 digitique,
784 1954 815 2004 et
829 1963 921 2012 crura,
933 1943 1099 2024 pedesque,

372 2036 451 2097 Nam
465 2039 560 2098 brevis
573 2040 604 2097 in
617 2038 727 2118 gelidas
742 2040 878 2098 memhris
892 2039 1016 2099 exilibus
1029 2039 1122 2100 undas

372 2131 526 2194 'l'ransitus
539 2144 599 2194 est:
619 2145 684 2214 post
697 2135 759 2195 herc
772 2146 955 2214 tergumque,
969 2134 1150 2214 humerique,
1164 2136 1308 2216 latusque,

372 2225 550 2306 Pectoraque
563 2231 594 2288 in
607 2241 711 2290 tenum
724 2232 833 2290 abeunt
845 2229 967 2292 evanida
979 2231 1063 2290 rivos.

370 2321 507 2402 Denique
519 2344 572 2403 pro
584 2325 651 2384 rivo
663 2325 780 2386 vitiatas
794 2326 935 2404 sanguine
948 2346 1035 2385 venas

370 2415 505 2497 Lympha
518 2419 606 2488 subit,
620 2429 768 2498 restatque
782 2419 865 2490 nihil,
880 2419 957 2499 quod
971 2419 1113 2498 prendere
1126 2421 1224 2500 possis,

254 2584 350 2653 Tolle
372 2587 472 2652 verba
494 2588 583 2652 Nam
608 2589 931 2655 drmit-Truneitus
955 2600 1013 2667 est,
1038 2593 1157 2676 quibus
1179 2591 1307 2656 minime

254 2729 336 2791 opus
350 2717 431 2796 erat,
447 2716 481 2771 et
495 2705 619 2792 reliqua
632 2707 788 2792 praeclare
804 2731 839 2773 se
854 2708 989 2774 hahent.
1027 2708 1167 2785 Rursus,
1183 2732 1213 2774 v.
1230 2709 1305 2774 632.

255 2821 417 2888 Arethusa
430 2824 473 2890 de
488 2845 540 2888 se:

248 3005 250 3012 '
370 2981 503 3062 Occupat
516 2983 642 3043 obsessos
655 2983 743 3044 sudor
755 2985 826 3043 mihi
840 2984 964 3064 frigidus
977 2996 1071 3056 crtus,

369 3077 564 3157 curulemque
577 3079 685 3140 cadunt
697 3090 759 3140 toto
772 3080 809 3140 de
823 3100 938 3159 corpore
950 3090 1062 3158 guttoe;

372 3171 496 3252 Quaque
509 3173 612 3252 pedem
626 3174 713 3244 movi,
727 3184 825 3233 manat
838 3173 927 3243 locus,
941 3194 1016 3253 eque
1029 3173 1141 3254 capillis

372 3267 432 3328 llos
446 3266 533 3327 cudit.

252 3420 419 3488 Interdum
439 3417 594 3484 nonnulla
613 3418 698 3484 fiunt
717 3419 803 3484 inter
819 3421 1039 3497 mutationem,
1059 3431 1116 3484 aut
1137 3419 1307 3506 proferun-

252 3552 304 3606 tur
318 3540 361 3605 ah
381 3539 431 3618 iis,
445 3561 527 3625 quos
546 3537 649 3620 lqtum
668 3537 750 3604 illud
770 3540 935 3624 opprimit,
950 3551 987 3605 ut
1003 3540 1045 3602 iv.
1062 3540 1126 3602 575
1141 3561 1211 3624 sqq.
1228 3539 1306 3604 dum

253 3659 395 3725 Cadmus
414 3669 448 3724 et
466 3657 645 3722 Harmonia
662 3667 830 3742 serpentes
848 3657 949 3734 fiunt;
972 3667 1006 3722 et
1020 3657 1064 3721 ix.
1078 3657 1153 3734 355,
1171 3655 1306 3740 Dryope

252 3781 357 3844 arbor.
397 3777 482 3842 Sunt
498 3778 596 3843 etiam
610 3775 742 3855 fabulae,
758 3778 925 3863 inquibus
940 3779 1094 3842 transitus
1108 3777 1178 3861 ipse
1193 3777 1306 3861 paucis

252 3910 458 3977 memoratur,
473 3899 532 3964 sed
547 3898 774 3984 descriptionis
788 3896 861 3962 loco
872 3896 1071 3987 comparatio
1086 3894 1226 3959 additur.
1265 3895 1305 3958 ld

253 4017 346 4104 quale
361 4017 414 4096 sit,
429 4039 472 4083 ex
485 4017 530 4082 ix.
547 4017 680 4094 219-25,
696 4027 731 4082 et
745 4017 820 4094 266,
835 4014 1044 4100 intelligitur:

331 4233 337 4239 '
369 4226 470 4306 thue
482 4244 573 4284 novus
585 4243 713 4303 serpens,
727 4224 820 4304 posita
833 4243 899 4284 cum
913 4221 990 4302 pelle
1003 4232 1128 4292 senecta,

368 4321 532 4381 erxurisre
545 4319 628 4389 solet,
643 4339 818 4398 squamaque
831 4317 924 4377 virere
937 4315 1046 4378 recenti
1059 4338 1068 4386 ;
1125 4357 1135 4371 f

370 4414 484 4476 Sicubi
497 4413 632 4474 mortales
646 4413 821 4492 Tirynthius
834 4411 917 4472 exuit
931 4421 1021 4478 artus,
1108 4493 1111 4496 ι

369 4510 458 4570 Parte
470 4509 515 4569 sui
528 4507 646 4569 meliore
659 4507 749 4586 viget,
763 4506 910 4584 majorque
924 4505 1015 4564 rideri
1129 4532 1135 4540 ·

370 4604 478 4684 coepit,
491 4615 522 4664 et
535 4599 658 4682 augusta
672 4602 734 4664 lieri
747 4601 891 4682 gravitate
904 4598 1055 4662 verendus.
