3588 6000
471 781 503 849 xl
866 773 1126 846 PRAEFATIO

471 951 678 1040 supellectilis
703 953 737 1018 in
764 929 962 1016 Philemonis
991 973 1077 1028 casa,
1102 953 1256 1040 epulique
1282 957 1324 1020 ab
1350 977 1390 1022 eo
1416 957 1522 1042 parati

392 1157 396 1167 ἢ
471 1073 655 1159 descriptio.
694 1069 741 1136 Et
753 1070 811 1157 qui
825 1071 935 1135 tenuia
950 1071 995 1136 nis
1010 1072 1145 1150 ornavit,
1160 1075 1231 1159 ejus
1246 1075 1410 1160 ingenium
1425 1075 1521 1140 etiam

470 1195 504 1258 in
518 1193 704 1277 majoribus,
720 1190 883 1256 atrocibus
898 1190 981 1255 adeo
996 1189 1124 1256 annuet.

824 1411 920 1473 Tanta
932 1413 1076 1492 vertigine
1088 1423 1196 1493 pontus

548 1509 665 1578 Fervet,
680 1523 710 1569 et
724 1508 844 1568 inducta
852 1507 945 1588 'piceis
958 1527 975 1566 e
988 1508 1114 1568 nubibus
1127 1509 1228 1568 umbra

549 1604 644 1663 Omne
656 1603 729 1662 latet
742 1599 848 1661 eoelum
862 1600 1065 1680 duplicataque
1078 1603 1170 1662 noetis
1182 1603 1276 1682 imago
1290 1605 1352 1664 est!

549 1699 645 1769 Unda,
659 1697 739 1758 velut
752 1697 867 1766 victrix,
881 1697 1009 1756 unuatn
1022 1696 1144 1776 despicit
1157 1697 1261 1768 undas,

548 1795 614 1854 Nes
625 1792 729 1863 levius,
742 1813 829 1871 quam
842 1793 944 1872 siquis
955 1791 1059 1858 Athon
1073 1792 1260 1874 Pindumque
1273 1793 1401 1856 revulsos

548 1889 624 1949 Sede
638 1909 690 1948 sua
702 1897 776 1947 totos
789 1888 821 1946 in
834 1899 967 1966 apertum
980 1888 1119 1948 everterit
1133 1909 1237 1968 equor,

548 1983 733 2064 Prreoipitate
745 1983 815 2042 ruit.

451 2247 537 2330 ‘Sed
563 2257 650 2311 totus
675 2245 775 2322 locus,
802 2245 845 2309 xi.
870 2245 1023 2322 478-560,
1050 2247 1294 2332 cognoscendus
1322 2257 1388 2326 est3
1419 2247 1520 2314 habet

469 2367 554 2432 enim
576 2367 740 2451 egregiam
761 2366 973 2449 tempestatis,
994 2364 1095 2430 studii
1113 2375 1284 2430 nautarum
1302 2365 1335 2430 in
1354 2387 1435 2432 nave
1453 2389 1520 2432 ser-

469 2485 586 2562 vanda,
598 2495 632 2548 et
646 2484 806 2572 naufragii
816 2485 1075 2570 descriptionem.
1110 2483 1202 2552 Idem
1217 2486 1390 2570 ingenium,
1405 2486 1519 2552 eadem

469 2603 641 2689 phantasia
670 2604 703 2668 in
727 2603 966 2670 narrationibus
991 2601 1108 2668 elucet.
1154 2601 1233 2668 Non
1258 2601 1310 2668 ille
1340 2603 1518 2668 summatim

469 2709 589 2801 narrat,
604 2723 662 2788 sed
680 2723 786 2788 omnia
801 2723 913 2788 ordine
928 2721 1082 2807 explicat,
1098 2733 1134 2788 ut
1149 2733 1186 2788 tu
1201 2723 1330 2788 adstare
1345 2723 1457 2808 reique
1471 2722 1520 2786 in·

469 2853 590 2908 teresse
605 2842 663 2907 tibi
676 2842 830 2920 videaris3
854 2852 888 2907 et
903 2841 1025 2927 siquid
1039 2842 1245 2910 memorabile
1264 2843 1388 2920 incidit,
1403 2842 1438 2907 id
1452 2841 1518 2908 suis

470 2962 576 3047 pingit
590 2961 763 3028 coloribus.
810 2962 970 3048 Daphnes
985 2962 1150 3049 fugientis,

821 3151 982 3212 Nudabant
996 3173 1111 3232 eorpora
1124 3153 1215 3222 venti,

548 3245 699 3325 Obviaque
713 3245 845 3306 adversas
858 3247 1009 3345 vibrabant
1023 3245 1138 3306 flamina
1150 3257 1255 3315 vestes,

547 3341 590 3402 Et
603 3339 676 3401 levis
689 3341 818 3419 impexos
830 3351 908 3404 retro
920 3341 1007 3402 dabat
1019 3361 1089 3400 aura
1102 3339 1227 3421 espillos.

470 3525 516 3589 Et
530 3545 606 3588 mox
621 3522 663 3587 de
678 3543 757 3587 eane
768 3522 872 3607 lepori
886 3523 1036 3598 instante,

547 3673 634 3733 Alter
648 3673 790 3732 inhaesuro
803 3670 914 3740 similis,
924 3671 986 3749 jam
997 3671 1116 3749 jamque
1129 3680 1230 3730 tenere

547 3768 663 3848 Sperat,
678 3777 708 3827 et
721 3776 841 3826 extento
853 3765 972 3844 stringit
984 3765 1108 3844 vestigia
1120 3775 1228 3825 rostro:

546 3862 635 3922 Alter
647 3863 679 3920 in
691 3861 825 3940 ambiguo
837 3871 892 3931 est,
907 3879 944 3918 an
958 3859 997 3919 sit
1007 3858 1175 3938 deprensus,
1190 3872 1220 3921 et
1234 3861 1304 3940 ipsis
1332 3872 1336 3881 “

547 3958 694 4018 Morsibus
706 3957 838 4037 eripitur,
849 3955 1056 4034 tangentiaque
1071 3973 1120 4014 ora
1132 3955 1282 4034 relinquit.

419 4165 424 4176 ’
470 4174 570 4248 Quod
591 4171 678 4238 idern
691 4173 858 4249 variatum,
875 4173 927 4236 vii.
944 4173 1004 4236 781
1025 4195 1095 4257 sqq.
1142 4171 1241 4236 Adde
1263 4172 1296 4236 ii.
1315 4171 1390 4247 861,
1412 4168 1518 4236 lusum

470 4292 615 4377 Europae
640 4285 674 4357 el
696 4289 767 4354 falsi
786 4289 890 4368 tauri;
913 4289 957 4353 iii.
979 4289 1023 4355 66
1042 4311 1112 4373 sqq.
1135 4299 1318 4374 serpentem
1339 4287 1453 4352 Cadmi
1468 4287 1520 4373 ja·

469 4408 542 4476 culo
567 4408 785 4485 vulneratum
814 4407 875 4470 125
898 4427 968 4491 sqq.
994 4403 1160 4470 Actaeonis
1185 4427 1246 4490 per
1267 4425 1364 4470 canes
1387 4403 1520 4468 dilarria·

468 4530 605 4607 tionem3
640 4528 681 4590 iv.
706 4525 781 4601 358,
808 4523 997 4592 Salmacidis
1026 4535 1060 4588 et
1089 4523 1359 4610 Hermaphroditi
1387 4522 1516 4588 luctam.

470 4645 520 4712 lb.
538 4647 610 4712 480.
