3588 6000
447 767 513 832 xxii
846 758 1106 827 PRAEFATIO

449 904 635 1019 astronomi,
648 934 830 1022 geographi
847 935 880 1018 iq
903 955 970 999 rem
988 955 1078 998 snam
1095 943 1170 998 sunt
1186 933 1258 998 usi:
1287 943 1384 1020 atque
1405 919 1501 997 etiam
1577 926 1579 932 ¹

448 1060 588 1126 artifices
602 1055 730 1140 mythos
745 1055 900 1141 operibus
916 1055 982 1118 suis
996 1063 1228 1140 expresserunt
1234 1063 1255 1117 ¹¹.

492 1177 689 1243 Persuasum
704 1182 774 1238 erat
786 1171 925 1250 Graecis,
941 1193 1037 1257 posse
1054 1171 1146 1238 Deos
1157 1171 1279 1256 ligurus
1294 1170 1373 1237 dare
1387 1179 1422 1235 et
1436 1169 1503 1234 adi-

448 1317 553 1373 mere;
576 1293 676 1378 idque
699 1291 815 1356 crebro
834 1311 906 1355 esse
928 1289 972 1355 ab
993 1287 1032 1353 iis
1054 1274 1187 1368 factum,
1208 1301 1246 1355 ut
1263 1289 1314 1355 vel
1336 1290 1371 1354 in
1393 1299 1502 1354 sontes

447 1409 750 1486 animadverterent,
760 1407 811 1473 vel
822 1406 1045 1473 laborantibus
1060 1419 1304 1473 succurrerent:
1321 1423 1418 1494 quarn
1432 1407 1502 1493 opi-

448 1532 576 1598 nionem
596 1551 616 1593 a
637 1525 871 1619 sacerdotibus,
887 1525 972 1590 fictis
987 1525 1135 1610 pluribus
1150 1524 1319 1612 exemplis,
1334 1525 1503 1592 confirma-

449 1663 514 1716 tam
533 1671 604 1714 esse
624 1645 786 1731 latiusque
808 1666 953 1730 sparsam
965 1643 1147 1732 admodum
1166 1657 1216 1711 est
1236 1644 1403 1712 credibile.
1448 1645 1503 1709 Sic

449 1767 567 1853 mythis
590 1763 688 1832 illatas
712 1774 788 1829 sunt
805 1763 1173 1849 assumptamque
1192 1763 1373 1848 phantasiae
1393 1773 1504 1848 poeta·

448 1908 520 1950 rum
542 1883 643 1950 latum
664 1905 815 1968 campum
837 1882 1106 1968 praesternebaut,
1126 1905 1227 1969 quum
1244 1881 1290 1948 illi
1308 1891 1342 1947 et
1356 1880 1503 1966 vulgatas
1533 1854 1540 1863 Ι

448 2011 644 2090 exornarent
663 2001 895 2087 ingenioseque
908 2001 1083 2079 variarent,
1098 2011 1133 2066 et
1149 2023 1168 2066 a
1186 2022 1220 2067 se
1241 2001 1386 2065 inventas
1403 1999 1504 2064 adde-

447 2131 531 2188 rent.
583 2120 781 2186 Simonidem
806 2120 937 2205 quidem
966 2120 1107 2185 carmine
1136 2117 1250 2184 lauisse
1277 2119 1406 2195 scimus,
1436 2139 1502 2202 quo

368 2251 372 2266 '
448 2239 618 2305 mulierum
636 2233 780 2322 origines
796 2259 858 2323 pro
878 2237 999 2322 ingenii
1020 2249 1139 2302 natura
1154 2238 1250 2304 variis
1266 2259 1309 2303 ex
1328 2239 1427 2302 rebus
1447 2237 1504 2302 de-

449 2338 595 2423 duceret
642 2356 698 2420 Ex
721 2355 949 2440 antiquissimis
973 2355 1071 2442 hujus
1093 2357 1221 2440 generis
1242 2355 1361 2440 mythis
1379 2355 1502 2420 Home-

448 2497 506 2540 rus
530 2472 699 2539 nonnullos
717 2484 750 2540 et
771 2472 938 2539 Hesiodus
957 2485 1137 2550 servarunt,
1183 2475 1287 2559 Apud
1309 2473 1398 2540 illum
1418 2474 1502 2537 enirn

450 2614 516 2658 non
533 2593 631 2658 modo
646 2591 785 2659 Proteus
805 2589 1012 2660 transformis
1025 2596 1177 2672 occurrit,
1193 2595 1251 2660 sed
1269 2604 1303 2659 et
1320 2595 1420 2658 draco
1434 2595 1504 2679 qui-

449 2689 537 2788 dam,
552 2710 663 2776 Niobe
686 2720 719 2776 et
740 2710 916 2777 Phaeacum
937 2713 1027 2776 navis
1047 2714 1081 2776 in
1103 2735 1194 2790 sara,
1212 2713 1374 2778 Pandarei
1396 2720 1503 2776 autem

449 2827 517 2894 filia
539 2829 572 2894 in
593 2828 759 2894 lusciniam
781 2833 945 2897 transiisse
967 2830 1131 2918 leguntur.
1177 2832 1217 2896 In
1234 2830 1373 2897 Hesiodi
1392 2830 1503 2896 Theo-

449 2933 547 3034 gonis
574 2957 742 3032 amputato
771 2943 937 3034 Gorgonis
967 2950 1074 3034 capite
1089 2949 1269 3034 Chrysaor
1293 2960 1327 3015 et
1355 2949 1502 3036 Pegasus

449 3063 632 3151 prosiliunt,
656 3076 690 3130 et
717 3065 750 3130 in
775 3065 877 3131 altero
903 3067 1055 3146 carmine,
1081 3069 1170 3154 qnod
1192 3070 1235 3135 ab
1260 3068 1428 3154 Operibus
1456 3069 1504 3133 in-

452 3177 681 3268 scriptumest,
697 3181 874 3248 Pandionis
889 3183 956 3250 lilia
969 3186 1003 3249 in
1018 3184 1226 3251 hirundinem
1246 3187 1501 3252 transformatur.

452 3303 563 3388 Atque
587 3300 673 3365 idem
698 3299 751 3384 ille
773 3303 808 3402 in
825 3302 986 3390 Catalogo
1010 3304 1180 3371 mulierum
1205 3305 1377 3390 deperdito
1402 3303 1503 3370 multo

447 3407 591 3505 plurium
611 3421 913 3505 metamorphoseon
934 3432 1049 3488 auctor
1066 3423 1182 3488 firerat.
1230 3421 1305 3488 Hoc
1324 3424 1424 3508 igitur
1437 3417 1504 3508 my-

451 3536 581 3602 thorum
607 3559 711 3621 genus
735 3559 835 3622 quum
860 3550 893 3605 et
918 3541 1024 3626 ipsum
1050 3540 1177 3606 Graecis
1202 3539 1359 3628 placeret,
1386 3543 1504 3628 utqui

451 3656 551 3720 rebus
569 3653 703 3719 ludicris
722 3643 933 3735 ducerentur,
949 3659 1152 3745 prodierunt,
1169 3660 1225 3744 qui
1244 3659 1278 3724 id
1300 3669 1505 3746 segregatum

452 3797 471 3838 a
485 3771 617 3856 reliquis
632 3782 818 3837 tractarent.
865 3774 1008 3840 Corinna
1026 3775 1151 3855 mulier,
1167 3777 1260 3861 cujus
1275 3787 1354 3842 aetas
1369 3777 1504 3855 incerta,

452 3892 580 3977 scripsit
601 3894 730 3968 Ἕτεροίων
745 3895 863 3970 Βίβλονς,
880 3891 1094 3959 Callisthenes
1112 3893 1302 3979 Olynthius,
1318 3895 1505 3961 Aristotelis

344 4077 347 4086 ,
452 4010 593 4087 auditor,
615 4016 843 4090 Μεταμορφόσεις,
866 4011 1051 4096 Antigonus
1070 4009 1248 4097 Carystius,
1267 4023 1413 4099 tempore
1428 4013 1506 4078 Pto-

450 4129 554 4196 lemaei
570 4129 790 4217 Philadelphi,
806 4135 978 4210 ’montena
995 4129 1164 4196 Nicander
1178 4130 1293 4196 Attalo
1313 4131 1358 4196 lI.
1375 4130 1507 4216 aqualis

438 4236 651 4328 Υ’Ἑιτερωοόμενιω
664 4265 706 4344 ἐἴ
719 4252 916 4321 Parthenius
932 4255 1158 4329 Μεταμορφῶσεις.
1198 4249 1304 4315 Erant
1327 4250 1435 4328 etiam,
1450 4250 1506 4334 qui

452 4384 576 4440 certum
600 4376 662 4439 sibi
688 4374 1004 4440 transformationum
1030 4395 1133 4458 genus
1162 4369 1377 4436 enarrandum
1403 4389 1522 4432 sume-1

403 4573 407 4590 ¹
483 4567 494 4593 ⁸
511 4561 573 4611 Vide
584 4560 673 4627 lleynii
685 4561 818 4610 Continent.
829 4559 859 4608 de
873 4559 962 4624 origine
978 4567 1003 4608 et
1017 4558 1096 4608 causis
1110 4558 1176 4606 sabb.
1189 4557 1308 4607 Homeric.
1319 4558 1343 4606 iu
1358 4555 1422 4604 Nov.
1435 4555 1506 4604 Com-

453 4651 551 4694 mentar.
564 4645 612 4694 vol.
622 4643 673 4694 viii.
701 4643 762 4692 Item
774 4642 908 4692 Commeat.
920 4640 950 4690 de
962 4638 1100 4707 Apollodori
1111 4637 1226 4688 Biblioth.
