3518 6008
455 787 925 856 METAMORPHOSEON
948 789 1039 858 LlB.
1063 790 1145 856 Vll.
1253 791 1320 858 487

268 961 344 1038 Vix
358 964 455 1040 bene
466 965 604 1039 missus
617 975 709 1054 emt,
718 989 787 1040 nec
794 967 875 1064 jem
885 946 1114 1065 poteramus,
1126 965 1190 1041 ubi
1202 977 1315 1054 esset,

269 1079 397 1156 Scire:
417 1081 557 1180 pedum
570 1081 714 1156 calidus
729 1082 887 1180 vestigia
899 1081 1021 1181 pulvis
1035 1083 1220 1172 habebam
1242 1087 1315 1158 775

251 1196 357 1296 'Ipse
376 1199 495 1274 oculis
513 1210 664 1300 ereptus
683 1210 785 1275 erat:
813 1225 888 1273 nou
907 1200 1009 1274 ocior
1025 1199 1090 1273 illo

266 1311 401 1402 Hasta,
420 1339 491 1390 nec
509 1339 680 1391 excussae
698 1327 870 1391 contorto
887 1320 1042 1393 verbere
1059 1314 1229 1414 glandes,

266 1427 302 1502 N
306 1454 350 1504 ec
365 1431 600 1532 Gortyniaco
617 1435 784 1508 calamus
802 1433 895 1507 levis
913 1433 994 1508 exit
1010 1435 1058 1508 ab
1076 1456 1177 1507 arcu.
1214 1467 1234 1509 ·.

266 1546 385 1621 Collis
403 1573 503 1648 apex
515 1549 630 1623 medii
648 1550 829 1649 subJectis
847 1550 1018 1625 imminet
1034 1549 1151 1624 ervis:

265 1663 392 1739 Tollor
409 1690 466 1753 eo,
485 1667 671 1766 capioque
690 1668 775 1742 novi
793 1668 1012 1766 spectacula
1028 1691 1182 1741 cursus:
1238 1670 1312 1740 780

257 1787 350 1873 ‚Quo
368 1791 481 1864 modo
498 1791 694 1890 deprendi,
714 1792 825 1867 modo
844 1817 885 1868 ee
903 1793 1114 1866 subducere
1130 1791 1278 1890 abipso

171 1997 177 2006 ῃ
264 1904 429 1980 Vulnere
446 1906 527 1980 visu
543 1907 622 1982 fera
639 1917 719 1983 est:
748 1933 818 1983 nec
835 1909 954 1983 limite
971 1907 1109 1983 callida
1126 1919 1242 1996 recto,

263 2019 309 2094 ln
328 2023 538 2121 spatiumve
555 2023 672 2122 sugit3
702 2025 770 2098 sed
788 2024 932 2124 decipit
948 2049 1014 2100 ora
1031 2023 1238 2122 sequentis,

264 2135 316 2210 Et
332 2138 430 2216 redit
446 2139 484 2212 iu
503 2163 649 2238 gyrum,
667 2164 715 2214 ue
732 2139 782 2215 sit
799 2165 889 2214 suus
907 2140 1202 2240 impetuqlrosti.
1235 2146 1308 2216 784

262 2252 441 2329 Imminet
450 2255 523 2343 hic,
533 2255 779 2354 sequiturque
790 2279 935 2354 parem:
950 2256 1309 2354 similisqueteuenti

262 2368 349 2444 Non
363 2381 480 2460 tenet,
497 2380 537 2446 et
553 2395 690 2446 vacuos
709 2383 863 2446 exercet
880 2372 917 2445 in
936 2397 1023 2446 uera
1039 2397 1199 2447 morsus

260 2484 322 2560 Ad
335 2487 453 2585 jaculi
469 2490 641 2563 vertebar
659 2511 792 2588 opem:
822 2488 925 2585 quod
942 2488 1102 2562 dextere
1117 2489 1230 2564 librat

260 2601 363 2676 Dum
380 2627 476 2687 mee,
496 2603 587 2676 dum
600 2604 738 2701 digitos
756 2603 917 2678 amentis
931 2604 1060 2678 indere
1074 2615 1193 2692 teuto,

261 2716 419 2794 Lumina
435 2719 587 2806 deflexi,
606 2729 856 2818 revocataque
873 2742 1001 2794 rursus
1019 2721 1166 2800 eodem.

260 2835 519 2925 Rettuleram;
541 2837 678 2925 medio,
697 2837 851 2911 mirum!
876 2837 952 2912 duo
970 2861 1156 2944 memore
1173 2863 1308 2939 campo

258 2951 436 3052 Aspicio:
463 2951 593 3050 fugere
611 2954 695 3041 hoe,
714 2953 808 3028 illud
825 2954 961 3029 latrare
979 2966 1144 3055 putores
1232 2961 1301 3031 791

289 3239 347 3288 775.
365 3237 468 3295 Gelidus,
479 3237 504 3287 in
518 3255 565 3304 quo
583 3239 663 3288 cslids
678 3239 757 3290 sdbuc
806 3256 844 3288 stis
855 3238 933 3304 (olim,
945 3246 970 3287 et
986 3238 1011 3286 in
1026 3237 1110 3304 Regiis
1126 3237 1210 3288 uostris
1227 3239 1305 3290 minus

256 3313 369 3371 recentia,
396 3313 496 3378 vestigio
523 3313 620 3380 pedum
654 3315 758 3364 Glandu
806 3315 867 3363 bene
878 3313 967 3376 oona.)
977 3312 1036 3362 dum
1046 3313 1130 3379 vulpes
1147 3329 1174 3364 se
1191 3314 1304 3364 subducit

255 3387 382 3454 plumbeo.
421 3387 556 3445 Cretenses,
578 3404 676 3453 quorum
700 3389 757 3438 urbs
806 3389 931 3446 morsibus,
943 3397 971 3438 ut
986 3387 1053 3437 cenis
1067 3388 1100 3438 nil
1114 3388 1159 3438 nisi
1173 3404 1230 3439 tert
1242 3405 1303 3438 mor·

257 3461 369 3526 Gorrpoe,
397 3461 535 3511 nobilissimi
569 3471 637 3511 erent
660 3463 755 3528 jucula-
805 3462 871 3512 dect.
905 3462 1023 3529 Exempla
1036 3461 1303 3515 similiebsbetlleins.

255 3545 325 3592 tores,
351 3535 605 3602 prudentissimusque
626 3535 755 3595 ltciebuut,
779 3589 783 3598 ,
806 3537 897 3588 Morsus
922 3553 1023 3587 tsercert
1056 3537 1204 3604 exquisitius,
1230 3555 1301 3606 quem

255 3625 324 3659 trous
346 3619 370 3658 et
390 3609 499 3676 sagittas.
541 3611 630 3661 Conler
647 3611 673 3660 ii.
690 3613 754 3674 ⁷2⁷3
803 3612 919 3662 mordere.
944 3611 1237 3668 Paulosliterniiiliw.
1254 3615 1301 3664 m-

253 3683 303 3733 xiv.
314 3685 370 3733 8⁴25.
395 3683 485 3742 Verbsr,
497 3683 574 3733 lorum
584 3685 672 3734 lundis.
690 3686 753 3744 Exit,
803 3689 921 3736 sremoibo
928 3687 1203 3752 delusumgutturiuoni.
1218 3691 1301 3740 Amou-

255 3757 344 3809 tvoltt.
804 3775 862 3820 tum,
873 3761 1038 3818 loramentum,
1049 3759 1112 3826 quod
1125 3759 1257 3813 sddebttur
1264 3767 1302 3832 js-

287 3835 343 3904 780.
363 3831 489 3882 Tollantur
506 3848 562 3882 eves
579 3831 604 3882 in
622 3849 687 3892 sere,
699 3835 754 3886 bino
803 3837 859 3888 culo
872 3835 1012 3893 emittendo,
1022 3851 1142 3900 manuque
1156 3837 1302 3890 retinebatur

254 3917 279 3958 et
296 3907 338 3974 qui
354 3907 487 3957 escendunt
504 3907 529 3956 in
544 3917 657 3958 montem.
683 3911 755 3973 Cupio
803 3912 845 3962 illo
855 3913 954 3962 emisso:
973 3911 1016 3961 xii.
1027 3911 1084 3960 321.
1099 3912 1198 3960 inurere
1213 3927 1302 3966 noento

252 3985 391 4046 spectaculo,
404 3993 494 4050 specto,
508 3983 647 4034 olineto,
681 3985 752 4041 ll'oer’,
802 3989 895 4053 digitos.
931 3985 1070 4052 lodsrspro
1085 3987 1169 4035 addere
1186 4003 1199 4036 e
1215 4005 1299 4054 perre-

253 4057 363 4106 insuditi.
391 4057 505 4124 Sequitur
523 4058 589 4107 locus
609 4074 655 4106 non
676 4059 754 4109 minus
802 4059 867 4110 tusto
877 4059 966 4109 Codice
980 4059 1070 4126 primus
1082 4059 1172 4109 notovit
1181 4069 1206 4112 et
1216 4079 1300 4132 sppro-

252 4131 374 4196 ingeniose
391 4131 503 4197 scriptus,
517 4147 589 4196 quam
602 4132 618 4180 i.
634 4133 683 4181 5³³
700 4149 753 4199 sqq.
804 4135 868 4186 berit
879 4133 1044 4199 Merinngelus
1054 4134 1192 4185 Accersius.

253 4221 325 4270 quem
347 4205 463 4254 conserus.
507 4205 599 4267 Decipit
626 4205 752 4272 exquisite,
835 4211 892 4259 789.
908 4207 1023 4256 Reoocoto
1044 4209 1182 4258 rettulerunt
1199 4225 1213 4260 e
1231 4217 1301 4280 copie

252 4278 346 4344 effugit.
380 4279 417 4328 Ns
431 4282 459 4328 sit
475 4291 637 4331 suus.etc.ue
653 4279 686 4328 uti
699 4295 753 4345 pos·
801 4285 904 4350 poetica,
921 4297 995 4348 quum
1013 4282 1151 4332 tltemtmm
1167 4286 1225 4336 setis
1242 4289 1299 4339 luis-

252 4353 285 4402 sit
296 4355 395 4420 impetu,
405 4370 453 4419 quo
468 4355 528 4404 solet
540 4353 564 4402 in
575 4353 678 4420 predum
690 4355 752 4405 terri.
801 4374 846 4426 sep
878 4358 936 4406 Post
953 4357 1096 4414 rettulerunt,
1108 4357 1192 4407 nostris
1203 4359 1299 4413 Codici-

286 4431 345 4480 785.
359 4431 450 4488 Paron,
462 4445 548 4498 nempe
565 4445 644 4480 eursu.
671 4433 752 4482 Verbo
800 4434 846 4482 bus
866 4431 976 4482 inseritur
992 4439 1023 4488 st,
1040 4447 1093 4496 qus
1114 4429 1230 4498 porticula
1249 4440 1296 4490 vim

251 4507 448 4554 imminet-‘tenet
458 4504 645 4554 condonabimus
656 4505 750 4572 iugenio
800 4506 867 4556 addit
888 4505 1024 4560 sanctioni.
1045 4506 1108 4554 idem
1136 4517 1203 4556 sonet
1225 4521 1297 4577 etque

252 4579 343 4636 Ovidii,
362 4579 426 4645 quod
444 4579 515 4629 nimis
531 4583 669 4631 immoretur
686 4581 749 4649 ejus·
798 4599 858 4631 eoos.
893 4581 947 4630 Duo
964 4597 1084 4639 mutuom,
1098 4578 1146 4629 duo
1165 4595 1297 4640 marmoree

252 4653 316 4702 modi
334 4655 413 4704 rebus.
446 4653 493 4704 Sed
511 4655 571 4704 bene
586 4671 673 4705 uacuus
690 4675 747 4704 nior·
798 4657 875 4722 signs.
