3518 6008
422 798 895 866 METAMORPHOSEON
919 798 1010 864 LlB.
1036 798 1097 864 VI.
1218 799 1284 866 lae

232 973 447 1049 Dilaniant:
468 999 556 1074 pars
574 974 662 1051 inde
681 975 781 1050 cavis
800 977 947 1050 exultat
964 975 1118 1063 ahenis3

232 1089 327 1165 Pars
341 1091 504 1166 verubus
519 1092 674 1166 stridet:
695 1101 850 1166 manant
864 1092 1073 1191 penetralia
1088 1092 1189 1165 tabo.
1207 1095 1281 1166 646

232 1205 304 1281 His
322 1208 479 1283 adhibet
495 1209 636 1305 conjux
654 1209 825 1305 ignarum
843 1207 963 1283 Terea
976 1208 1130 1294 mensis,

233 1323 284 1398 Et
300 1325 412 1424 patrii
431 1326 544 1400 moris
563 1350 711 1400 sacrum
729 1325 899 1412 mentita,
919 1325 1022 1422 quod
1040 1325 1105 1397 uni

232 1439 305 1516 Fas
324 1443 375 1516 sit
391 1442 494 1518 adire
512 1445 602 1532 viro,
622 1445 780 1518 comites
799 1441 1036 1540 famulosque
1054 1440 1223 1516 removit.

232 1555 326 1634 Inde
342 1559 478 1634 sedens
494 1561 588 1635 solio
605 1560 748 1636 'l'ereus
766 1558 937 1633 sublimis
955 1559 1054 1632 avito
1205 1561 1280 1630 650

229 1672 419 1763 Vescitur,
435 1677 551 1775 inque
568 1703 675 1752 snam
694 1701 762 1751 sna
775 1676 921 1751 viscera
938 1675 1106 1772 congerit
1123 1674 1259 1748 alvum.

230 1790 430 1890 Tantaque
439 1819 515 1868 nox
525 1794 638 1868 animi
651 1789 1276 1892 est,‘⁸ltynhucarcessite,’'dixit.

230 1906 479 1986 Dissimulare
497 1912 629 2009 nequit
646 1910 813 1985 crudelia
830 1907 967 2006 gaudia
985 1907 1145 1994 Procne,

228 2021 392 2124 Jamque
410 2051 488 2101 snae
506 2027 664 2126 cupiens
683 2026 847 2100 existere
866 2025 998 2098 nuntia
1014 2023 1152 2110 cladis;
1203 2027 1275 2096 654
1294 2013 1299 2020 ’

230 2149 254 2178 “
269 2140 380 2217 Intus
397 2143 528 2233 habes,
542 2145 643 2242 quod
661 2143 823 2244 poscis,''
839 2143 907 2218 ait:
930 2138 1187 2239 circumspicit
1201 2138 1276 2224 ille,

228 2255 356 2356 Atque
370 2259 434 2334 ubi
448 2259 498 2333 sit
508 2262 658 2358 quaerit3
680 2261 875 2359 quaerenti,
887 2259 1099 2354 iterumque
1112 2255 1275 2340 vocanti,

230 2372 338 2448 Siout
356 2387 437 2450 erat
454 2377 594 2474 sparsis
611 2377 732 2452 furiali
750 2377 854 2450 caede
872 2375 1031 2474 capillis

221 2485 407 2579 Prosiliit,
428 2491 611 2592 Ityosque
628 2505 743 2593 caput
760 2491 970 2566 Philomela
987 2497 1184 2564 cruentum

228 2603 336 2681 Misit
352 2608 390 2682 in
408 2633 472 2684 ora
488 2610 607 2708 patri:
637 2635 707 2685 nec
724 2622 893 2708 ternpore
911 2607 1045 2681 maluit
1060 2604 1138 2679 ullo

226 2719 346 2796 Posse
364 2724 479 2823 loqui,
499 2737 538 2800 et
555 2726 699 2801 meritis
715 2726 848 2800 testari
865 2725 1004 2821 gaudia
1022 2722 1146 2796 dietis.
1200 2725 1274 2795 660

225 2836 407 2916 Thracius
425 2842 568 2940 ingenti
586 2866 736 2918 mensas
754 2843 917 2916 elamore
934 2839 1093 2939 repellit,

225 2952 484 3055 vipereasque
501 2961 578 3034 ciet
596 2958 731 3058 Stygia
747 2960 796 3033 de
813 2958 909 3032 valle
927 2979 1096 3030 sorores:

256 3234 312 3282 651.
331 3233 439 3293 νίκα-ας
456 3234 511 3283 eide
522 3235 553 3284 ad
564 3252 587 3284 v.
600 3237 638 3284 10.
663 3235 721 3283 Irni-
771 3237 843 3300 mergi
854 3233 941 3298 passim
951 3231 982 3280 de
993 3218 1053 3280 cibis
1063 3227 1221 3284 devorantur
1232 3243 1274 3276 xv.

225 3309 410 3360 ntmNoeuum
421 3317 458 3358 ent
466 3309 579 3359 Valerius
589 3309 720 3366 Maximus,
774 3309 836 3368 1055
859 3305 918 3355 ibid.
938 3305 994 3354 367.
1029 3305 1141 3359 Battum
1167 3300 1273 3368 τύμβων.

223 3385 263 3435 vii.
280 3386 311 3434 6:
337 3401 380 3449 qne
399 3384 488 3432 diutius
504 3393 593 3432 umato
606 3387 721 3446 juventus
772 3381 902 3446 longinus,
926 3380 942 3428 s.
967 3381 992 3428 3.
1013 3377 1131 3444 vituperat
1158 3375 1271 3440 Gorgiam

223 3467 308 3510 erema
318 3477 360 3510 ean
370 3459 490 3510 mertone
505 3462 552 3508 soie
567 3461 647 3518 altra,
660 3460 720 3525 irase·
771 3457 855 3506 leont.
864 3455 907 3522 qui
918 3454 1024 3507 vultures
1032 3452 1125 3501 dixerat
1135 3467 1187 3500 esse
1197 3453 1271 3513 tepul-

224 3538 423 3586 lt'cacndanemm
437 3537 553 3599 reliquiae,
566 3544 613 3584 etc.
640 3535 721 3584 Verbo
771 3549 812 3580 eru
821 3533 882 3587 nina,
893 3545 967 3595 quern
982 3525 1185 3593 reprehensionem
1199 3523 1272 3574 etiem

222 3607 536 3677 mnmemoxopponitnr
545 3625 642 3674 egerere.
661 3609 720 3665 Nor.
772 3606 850 3656 inhoc
858 3609 948 3654 turtum
957 3599 1173 3650 mnerutilrcadere
1181 3598 1272 3648 Tollius

222 3687 326 3743 eodm,
336 3683 478 3750 ignoranda.
770 3691 794 3730 et
811 3679 922 3730 Peneius
941 3677 973 3727 td
989 3677 1057 3725 illum
1073 3673 1172 3739 longini
1190 3673 1270 3722 locum

254 3763 313 3811 660.
332 3761 425 3809 Meritis
437 3761 513 3817 eote,
524 3755 721 3806 convenientibus
770 3753 914 3804 existimant.
935 3754 1026 3802 Verum
1035 3747 1158 3813 Longinus
1168 3745 1271 3797 nonnisi

221 3835 308 3886 verbi&
770 3832 823 3878 niou
847 3829 954 3892 tapnim
974 3824 1099 3890 vituperat,
1120 3821 1179 3888 quia
1203 3821 1270 3871 nulla

253 3911 311 3960 662.
330 3910 432 3972 lecrine
441 3923 534 3965 mnu,
539 3906 566 3956 id
576 3913 621 3962 eet,
632 3903 722 3961 Furias,
770 3904 880 3969 sepulcra
890 3907 942 3952 eino
953 3909 1022 3951 sunt:
1042 3897 1096 3948 vide
1107 3895 1200 3946 Ernesti
1210 3896 1268 3945 luit.

221 3986 334 4036 audacter
349 3984 448 4042 dictum,
459 3998 560 4049 querum
574 3979 722 4045 comisvipe-
772 3977 871 4028 Rheter.
883 3985 944 4026 rect.
958 3974 1016 4023 ³19.
1040 3973 1070 4020 In
1081 3971 1174 4036 Gorgia
1185 3969 1270 4020 vitium

221 4061 371 4111 nintextoe.
406 4055 666 4116 Peents‚ueutriculus;
683 4071 720 4103 re·
767 4049 853 4100 incidit
863 4049 995 4104 Lucretius,
1006 4064 1029 4096 v.
1040 4047 1103 4096 991:
1125 4045 1183 4094 Ve'on
1192 4048 1271 4094 eidem
1373 4091 1374 4094 ,

219 4147 300 4196 mato,
316 4145 405 4200 pecten
419 4150 523 4200 egerere,
540 4130 575 4181 nil
594 4129 647 4187 nisi,
664 4145 719 4179 evo-
768 4131 818 4177 eine
831 4128 921 4188 repoliri
936 4124 1101 4173 trecenteno.
1134 4119 1213 4169 Etiam
1229 4119 1271 4169 elii

219 4227 293 4262 mere.
327 4210 493 4262 Gronovianue
516 4206 613 4273 quidem
636 4204 718 4261 hebet,
768 4209 1026 4272 poetoeventremcnm
1037 4196 1269 4264 sepulchrocompe·

219 4302 263 4353 pro
278 4301 377 4352 egerere,
395 4286 491 4350 exigere,
507 4279 571 4348 quod
585 4295 654 4344 eque
671 4279 718 4326 ele·
769 4279 859 4327 rdrnut.
894 4275 1044 4323 Burmannus
1059 4271 1270 4336 laudetLycophr.

218 4361 442 4426 geneBnrrnennne
454 4356 565 4423 judicem
581 4361 607 4402 at
618 4351 721 4401 Codices
769 4353 836 4400 Caso.
856 4349 910 4398 159.
927 4347 969 4412 qni
987 4346 1018 4395 de
1034 4346 1121 4395 Cerere
1141 4344 1268 4394 mandente

217 4434 290 4485 nentri
301 4433 458 4498 deategerere
468 4429 533 4496 qnod
543 4437 607 4478 rente
618 4426 720 4476 servavit
769 4424 865 4489 Pelopis
890 4422 1014 4470 humerum
1037 4418 1108 4467 dicit:
1135 4417 1267 4484 ἐτὺμβιυσε

217 4511 257 4561 cl.
265 4510 358 4574 Gierig
382 4509 532 4570 Denter-tuque
543 4501 646 4570 praetulit
657 4502 717 4550 Bur·
769 4497 847 4563 τάφῳ,
855 4495 896 4546 nbi
906 4495 1003 4544 Tzetzee
1013 4491 1093 4558 τάφον
1104 4491 1268 4557 interpretatur

215 4579 718 4649 menumquodetllcgioplacneret3nem
769 4571 888 4638 γαστέρα.
923 4569 1004 4618 Attius
1032 4568 1056 4616 in
1078 4567 1166 4615 Atreo:
1197 4566 1266 4614 Neris

217 4661 317 4725 vulgate
333 4661 483 4721 immoque
496 4655 577 4720 inepte
591 4660 636 4702 est.
670 4651 718 4698 Dr·
768 4649 896 4710 sepultorem
906 4647 989 4706 estipee
998 4657 1089 4706 parent.
