3552 5984
470 753 503 818 u
608 723 613 732 ’
910 750 1079 817 sumas
1145 790 1149 798 ,

470 936 554 990 sunt.
593 923 681 988 Tum
694 923 747 1000 Io,
757 924 900 1010 pristina
912 922 1055 990 mulieris
1058 925 1174 1010 forrao
1187 936 1332 1010 recepta,
1348 925 1522 1012 upapam

469 1045 565 1128 parit

516 1160 592 1226 Lib.
608 1160 653 1224 ll.
685 1160 754 1234 Qui
768 1183 869 1247 quum
883 1161 1058 1248 aliquando
1073 1159 1473 1247 Phaethontidpollinem,
1487 1171 1525 1226 ut

473 1277 588 1377 falsum
606 1289 745 1363 patrem,
760 1279 945 1364 objecisset,
961 1278 1015 1345 ille
1035 1301 1150 1344 currus
1167 1277 1280 1344 solaris
1299 1279 1468 1364 imperium
1481 1277 1524 1343 ad

473 1396 559 1460 diem
580 1417 681 1460 unum
704 1419 724 1460 a
745 1407 851 1480 patre,
867 1398 900 1460 in
922 1398 1041 1483 pignus
1056 1419 1141 1463 verre
1159 1399 1281 1483 stirpis,
1296 1397 1401 1482 petiit.
1446 1395 1524 1488 Qup

473 1517 657 1600 impetrato,
674 1527 760 1582 terra
776 1517 819 1582 ab
836 1540 876 1584 eo
892 1529 963 1582 tota
981 1518 1181 1596 accenditur,
1196 1529 1230 1584 et
1250 1519 1333 1582 inter
1348 1526 1465 1582 caetera
1479 1515 1527 1578 ni-

471 1644 623 1720 grescunt
634 1635 819 1721 AEtltiopea.
858 1634 1100 1702 Phaethontem
1114 1636 1234 1701 deinde
1249 1634 1381 1700 fulmine
1395 1653 1527 1720 percus-

475 1774 546 1816 sum
565 1753 643 1816 dum
660 1752 773 1840 lugent
791 1777 929 1832 sorores,
946 1765 980 1822 et
997 1780 1062 1821 una
1082 1766 1239 1843 cognatus
1258 1755 1395 1839 Cycnus,
1411 1750 1474 1816 illae
1492 1753 1525 1816 in
1543 1798 1553 1819 .

475 1870 619 1948 arborea,
639 1871 693 1936 hic
714 1873 747 1937 in
767 1896 899 1960 cyrrum
919 1888 1073 1944 mutatur.
1112 1877 1200 1942 Hinc
1218 1875 1361 1961 Jupiter,
1379 1873 1525 1948 lustrato,

476 1995 513 2052 ut
532 2009 606 2052 eum
623 1977 760 2074 pristino
777 1992 881 2076 vigori
900 1996 1097 2070 restitueret,
1113 2005 1271 2060 terrarum
1290 1991 1381 2066 orbe,
1400 1991 1432 2054 in
1451 1989 1526 2052 Cal-

476 2106 618 2171 Batonem
640 2109 765 2186 incidit,
783 2131 929 2196 eamque,
951 2123 1056 2177 sumta
1078 2112 1196 2177 Dianae
1219 2110 1332 2186 forma,
1357 2107 1523 2193 stupravit.

400 2286 406 2301 ,
477 2222 534 2290 Ob
558 2225 592 2290 id
618 2227 701 2291 irata
722 2225 811 2292 duno
835 2226 1044 2294 Callistonem
1066 2230 1100 2293 in
1118 2251 1225 2294 arram
1242 2226 1412 2302 convertit,
1427 2246 1524 2311 quam

475 2355 591 2428 postea
599 2344 706 2410 Arcas
716 2343 803 2411 iilius
817 2347 1034 2412 transfixurus
1044 2359 1126 2424 erat,
1131 2330 1196 2417 nisi
1206 2355 1381 2431 utrumque
1395 2343 1526 2428 Jupiter

446 2538 448 2550 Ι
476 2461 561 2528 inter
577 2464 686 2530 sidera
705 2463 877 2530 retulisset„
917 2465 1001 2554 ¹Qua
1018 2466 1061 2531 de
1080 2486 1116 2531 re
1134 2485 1234 2551 quum
1254 2462 1343 2548 apud
1358 2461 1526 2528 Oceanum

477 2591 656 2668 conquesta
670 2593 756 2646 esset
775 2580 875 2660 duno,
890 2584 924 2648 in
941 2582 1059 2648 coelum
1077 2581 1179 2649 relata
1197 2594 1247 2648 est
1267 2581 1410 2646 humeris
1424 2601 1528 2667 paco-

475 2721 559 2775 nam,
574 2700 630 2784 qui
645 2723 750 2786 nuper
764 2703 926 2790 namegati
937 2703 1082 2782 fiierant3
1098 2705 1181 2770 sicut
1192 2712 1352 2768 etcorvaa
1366 2721 1471 2783 nuper
1485 2719 1527 2762 ex

476 2818 549 2882 albo
572 2819 665 2906 niger
678 2830 748 2885 erat
770 2821 929 2899 redditus,
947 2845 1047 2908 quum
1068 2822 1215 2888 Cor-aicit
1233 2821 1373 2896 monitis,
1390 2839 1464 2904 quae
1482 2816 1527 2884 illi

477 2947 546 3002 tum
561 2959 651 3036 suam
673 2940 706 3004 in
730 2941 891 3008 cornicem
907 2952 976 3007 turn
990 2942 1197 3028 Nyctimenea
1213 2941 1245 3004 in
1263 2947 1409 3003 roduam
1425 2947 1529 3003 muta·

286 3049 290 3056 ¹
424 3140 437 3153 .
477 3055 597 3121 tionem
625 3057 815 3145 explicdrat,
838 3083 904 3126 non
932 3060 1200 3144 obtemperasset,
1221 3077 1332 3122 verum
1360 3054 1528 3120 Coronidis

429 3156 440 3167 ⁸
478 3174 672 3273 adulterium
696 3178 739 3244 ad
761 3177 947 3264 Apollinem
974 3175 1155 3244 detulisset.
1201 3175 1286 3260 Ejus
1310 3171 1429 3240 deiude
1458 3171 1527 3238 filio

391 3263 397 3278 Ι
477 3293 712 3380 AEsculapio,e
729 3295 892 3362 Coronide
907 3306 1050 3373 exsecto,
1066 3305 1099 3360 et
1114 3295 1147 3358 in
1163 3292 1314 3358 Chironis
1328 3301 1457 3356 antrum
1472 3291 1529 3356 de-

477 3412 555 3490 lato,
573 3415 749 3500 Ocprrlroe,
760 3414 911 3480 Chironis
925 3414 993 3478 filia
1007 3412 1149 3490 fatidica,
1158 3411 1235 3476 dum
1247 3409 1357 3476 futura
1368 3409 1527 3496 praedicit,

478 3533 511 3596 in
525 3555 638 3618 equam
652 3535 799 3598 vertitur.
833 3533 921 3598 Tum
933 3533 1068 3608 Chiron,
1083 3542 1189 3617 pater,
1200 3529 1361 3615 Apollinis
1375 3526 1529 3594 auxilium

429 3735 433 3744 Ι
480 3651 601 3716 frustra
614 3653 783 3730 invocavit,
795 3655 884 3740 quod
898 3653 951 3718 ille
962 3633 1076 3740 jamin
1089 3651 1188 3718 Elide
1202 3661 1314 3736 pastor
1325 3649 1429 3714 factus
1440 3646 1529 3713 aliud

479 3783 602 3855 ageret,
616 3769 773 3857 neglectis
789 3773 885 3836 etiam
901 3771 1019 3837 bubus.
1059 3769 1099 3834 ld
1113 3769 1203 3855 quod
1219 3767 1386 3832 Mercurio
1401 3764 1530 3830 furandi

480 3911 535 3952 eas
550 3889 750 3954 occasionem
765 3891 866 3966 dedit,
882 3890 939 3975 qui
950 3888 1069 3954 deinde
1080 3888 1214 3954 Battum
1228 3886 1271 3951 ob
1285 3884 1408 3950 furtum
1422 3884 1532 3968 prodi·

481 4020 550 4072 tum
572 4010 605 4072 in
625 4008 921 4095 iadiccmslapidem
944 4011 1088 4076 mutavit.
1134 4007 1216 4072 Inde
1236 4003 1366 4070 avolana
1390 4003 1531 4080 Heraea,

482 4127 638 4212 Cecropis
658 4126 768 4204 filiam,
784 4138 1040 4214 spectataeque
1060 4127 1193 4213 potitur.
1233 4124 1296 4189 Cui
1315 4123 1393 4188 dum
1409 4121 1531 4187 invidet

481 4245 646 4333 Aglauros
658 4269 759 4325 soror,
770 4247 900 4312 invidiae
910 4267 1035 4311 veneno
1046 4244 1166 4308 infecta
1176 4243 1209 4307 in
1220 4264 1334 4307 aarum
1345 4239 1529 4324 obrigescit

482 4363 602 4428 Postea
610 4359 752 4448 Jupiter,
764 4385 863 4447 quum
872 4361 1072 4427 Mercurium
1084 4361 1118 4424 in
1127 4358 1245 4425 coelum
1256 4381 1419 4424 reversum
1430 4357 1530 4421 bores

481 4480 645 4566 Agenoris
660 4479 711 4543 ad
732 4477 808 4542 litus
831 4489 976 4543 avertere
992 4478 1152 4563 jussisset,
1173 4488 1278 4542 sumta
1300 4477 1387 4542 tauri
1410 4475 1531 4560 specie,

481 4600 649 4684 Europam
665 4617 723 4684 per
736 4617 823 4660 marc
838 4596 871 4658 in
886 4593 1017 4660 Cretam
1033 4593 1220 4658 transvexit.
