3468 5994
469 753 535 820 308
758 757 797 822 Ρ.
822 754 985 822 OVIDII
1009 755 1221 824 NASONIS

471 927 682 1019 Fluctibus,
700 941 741 1005 et
754 941 876 1006 tectas
892 931 1063 1007 defendit
1079 933 1128 1006 ab
1144 931 1328 1006 imbribus
1345 930 1487 1006 undas:

471 1045 629 1120 Summe
649 1045 757 1144 riget,
776 1047 1013 1148 frontemque
1037 1049 1077 1122 in
1104 1058 1278 1149 apertum
1294 1048 1452 1148 porrigit
1465 1073 1512 1121 ae-

471 1161 648 1262 Occupat
665 1164 778 1252 hunc,
796 1164 893 1240 vires
911 1165 1057 1240 insania
1071 1164 1225 1252 fecerat,
1245 1163 1337 1253 In0;
1390 1165 1511 1262 [quor.

470 1277 600 1376 Seque
618 1304 732 1378 super
749 1293 918 1380 pontum,
934 1283 1037 1355 nullo
1055 1281 1204 1356 tardata
1220 1280 1366 1368 timore,

469 1393 604 1483 Mittit,
622 1421 795 1496 onusque
813 1423 944 1474 suum:
973 1423 1154 1498 percussa
1169 1399 1367 1474 recanduit
1384 1397 1495 1470 unde.

468 1509 523 1585 At
540 1511 670 1586 Venus
687 1513 884 1589 immeritae
901 1517 1025 1614 neptis
1043 1516 1223 1591 miserate
1238 1515 1398 1604 leboieS,
1443 1517 1513 1588 530

371 1633 374 1640 ’
471 1627 537 1702 Sic
555 1642 688 1728 patruo
701 1632 872 1708 blandite
884 1657 952 1708 suo
966 1642 1046 1710 est:
1069 1642 1093 1673 “
1109 1634 1144 1706 O
1162 1657 1302 1707 numen
1319 1655 1511 1731 equarum,

470 1743 651 1821 Proxime
666 1749 728 1822 cui
745 1749 844 1854 coeto·
856 1749 985 1839 cessit,
1003 1749 1194 1849 Neptune,
1214 1760 1384 1849 potestas
1398 1776 1408 1836 ;

470 1859 614 1959 Magne
631 1865 784 1962 quidem
803 1890 939 1966 posc03
969 1868 1037 1944 sed
1053 1878 1095 1942 tu
1113 1867 1292 1942 miserere
1309 1888 1489 1949 meorum,

469 1976 493 2051 J
496 1981 612 2054 aeteri
627 2004 723 2079 quos
741 1985 863 2059 cernis
881 1985 920 2059 iu
939 1983 1046 2058 Ionio
1063 1984 1268 2072 immens03
1423 1983 1512 2056 ,534

471 2091 523 2168 Et
540 2095 611 2170 Dis
630 2098 729 2172 adde
746 2101 842 2176 tuis:
864 2101 992 2198 eliqua
1005 2099 1148 2175 etmihi
1166 2099 1287 2197 gratie
1303 2106 1419 2197 ponto
1435 2105 1511 2184 estc

472 2209 514 2283 Si
530 2222 658 2290 temen
675 2213 715 2288 in
732 2216 794 2290 dio
813 2217 1005 2315 quondam
1023 2227 1201 2291 concreta
1218 2215 1404 2315 profundo

471 2325 616 2426 Spuma
630 2330 695 2418 fui,
708 2333 943 2432 Graiumque
958 2346 1085 2410 menet
1095 2335 1186 2407 mihi
1201 2356 1339 2408 nomen
1352 2333 1401 2406 ab
1413 2327 1513 2405 ille.”

470 2441 615 2520 Annuit
630 2451 751 2524 oranti
769 2449 994 2552 Neptunus3
1023 2462 1064 2528 et
1080 2452 1239 2527 abstulit
1255 2450 1329 2525 illis

469 2767 534 2801 num.
557 2755 676 2817 Scopelus,
687 2757 789 2807 Molurie
799 2759 970 2818 nominenuue
1020 2760 1092 2810 cedit.
1125 2758 1199 2826 Apud
1218 2758 1358 2814 tucienum,
1374 2755 1439 2806 dicto
1456 2755 1513 2812 loeo,

469 2841 499 2875 ex
511 2827 630 2887 Scimniis,
640 2829 682 2894 qui
692 2841 755 2882 certe
766 2843 916 2884 consecratus
925 2836 971 2884 tuit
1020 2834 1144 2898 Neptunus
1159 2841 1250 2899 sponte,
1260 2833 1285 2880 iu
1301 2830 1392 2881 Bacchi
1409 2829 1514 2894 gratiam,

469 2901 792 2956 leucotheeett‘ulemoui:
806 2908 968 2960 vid.Peusen.
1019 2907 1210 2958 {scindentem
1221 2906 1313 2956 tribuit.
1341 2903 1515 2960 imeretu-

470 2976 640 3044 Attieptot.
662 2979 736 3046 Apud
742 2981 971 3040 unwanum.
1020 2982 1103 3040 uentis,
1114 2997 1169 3048 que
1188 2981 1260 3030 telem
1277 2989 1365 3030 sortem
1379 2995 1427 3028 nnn
1441 2993 1515 3028 meru·

469 3053 495 3100 9.
509 3053 554 3102 Ino
569 3053 601 3101 ab
611 3053 758 3104 Athtmente
773 3071 804 3105 ex
820 3073 912 3108 nummo
928 3058 969 3108 ci-

469 3125 583 3185 theroue,
593 3128 635 3178 ubi
645 3129 792 3194 protenditur
802 3130 833 3180 ed
844 3146 919 3189 mure,
931 3132 969 3182 iu-

468 3207 540 3264 gatur
554 3200 579 3251 iu
595 3203 702 3268 pelagus.
738 3204 817 3254 Tectae
829 3205 969 3270 defendite

469 3277 539 3342 eopia
548 3277 650 3342 poetice.
660 3278 776 3329 defendit.
803 3279 896 3338 Ιωὶπω,
906 3289 968 3331 tem-

469 3359 580 3416 pestates.
603 3352 672 3417 virg.
690 3354 747 3402 AEu.
764 3354 782 3402 i.
799 3355 855 3403 16³.
872 3358 967 3418 temti,

468 3443 563 3489 paurum
578 3429 719 3478 subvertite
736 3429 898 3493 tauAEpura
916 3441 968 3480 tute

467 3503 545 3550 citent.
579 3501 659 3551 etati
676 3511 757 3552 sutem
775 3504 874 3570 scopulo
891 3505 968 3556 fecilie

469 3575 580 3626 sultuxiu
591 3592 667 3626 utere.
701 3578 765 3626 Onne
774 3595 850 3628 mum.
877 3579 966 3629 Secun-

467 3649 525 3700 dum
536 3649 649 3716 Apollod.
661 3651 724 3700 hunc
734 3650 809 3700 filium
821 3668 890 3702 enum
905 3669 965 3702 mur-

468 3733 537 3774 tuum
555 3726 671 3790 gestnbtt,
687 3725 822 3791 conjectum
838 3741 923 3791 nempe
941 3727 966 3792 iu

467 3797 596 3848 ferventem
603 3798 688 3850 lebetis
696 3815 791 3864 equum.
815 3799 894 3849 Etiam
902 3801 967 3866 apud

466 3871 623 3937 Eurip.Med.
636 3874 708 3922 ltus.
715 3872 780 3922 cedit
790 3873 814 3921 iu
822 3889 886 3922 mere
896 3891 966 3940 prop-

466 3953 502 3994 ter
510 3943 606 4012 impium
617 3945 743 3997 liberorum
753 3948 853 4006 eedem,
863 3948 905 3998 ubi
915 3948 966 3998 vid.

465 4019 547 4069 Schoi.
581 4021 619 4072 De
630 4038 714 4088 spuma
724 4019 781 4072 alibi
797 4033 921 4090 usurpetur
930 4026 966 4072 at-

466 4095 558 4142 beeeere.
576 4095 639 4144 Pliu.
651 4097 740 4162 nep.
752 4096 842 4146 etet:
865 4115 892 4146 ee
905 4100 984 4147 edite·

465 4169 569 4218 detitim
583 4188 644 4233 equa
659 4172 761 4220 adducit.
794 4171 842 4220 Sed
858 4172 966 4221 etverba

464 4245 630 4302 incandescere,
650 4253 676 4296 et
699 4248 857 4296 receudeoeere
881 4245 965 4295 eodem

465 4331 536 4365 sensu
552 4317 617 4382 poni,
631 4317 702 4368 docet
717 4318 836 4368 Schwerz.
853 4319 884 4369 ed
900 4319 964 4369 Plin.

465 4389 527 4438 Pan.
539 4407 595 4440 xxx.
605 4391 629 4442 3.

497 4464 554 4513 530.
562 4466 594 4514 Ar
608 4467 682 4514 Venus
692 4468 816 4522 numu,
826 4465 886 4530 etc]
897 4468 963 4526 Quu-

466 4536 529 4585 niam
541 4539 585 4587 Ino
598 4539 689 4588 Venerit
698 4554 728 4587 er
740 4538 871 4588 Harmonia
881 4543 961 4602 neptis,

465 4620 588 4676 propterea
597 4611 649 4662 hec
663 4627 678 4662 e
693 4612 787 4662 fictione
797 4611 879 4662 Ovidii
890 4613 962 4664 iuter·

1019 3065 1079 3105 erut.
1113 3056 1218 3112 Iam,
1234 3055 1345 3104 miserem
1366 3062 1462 3110 nortem,
1475 3069 1516 3102 en·

1019 3146 1100 3195 gnrem
1111 3129 1193 3188 enimi,
1206 3147 1235 3179 ex
1247 3129 1437 3178 inseniaortum.
1462 3127 1516 3176 Jac-

1019 3208 1067 3254 tart
1077 3205 1154 3254 ventis
1163 3213 1188 3254 et
1197 3203 1268 3254 nudie
1278 3213 1358 3252 naute
1368 3203 1428 3252 ulia
1434 3201 1516 3252 dicuu-

1019 3287 1067 3328 tur.
1100 3279 1193 3328 lmeium
1203 3278 1312 3327 absolute
1329 3275 1430 3332 dicitur,
1445 3275 1516 3324 etim

1018 3354 1059 3403 ubi
1075 3358 1208 3403 immensum
1228 3359 1271 3402 eut
1289 3369 1399 3417 megum
1414 3350 1517 3400 additur.

1018 3430 1110 3478 Verum
1121 3427 1230 3485 Malunt,
1240 3443 1295 3494 pere
1309 3425 1397 3475 montis
1406 3425 1516 3475 (senate

1017 3501 1041 3550 in
1063 3501 1150 3551 tinibus
1173 3501 1312 3566 Megaridis,
1333 3499 1444 3548 imminet
1470 3513 1515 3548 nou

1017 3575 1090 3634 Ionio,
1101 3575 1144 3626 sed
1154 3576 1216 3626 sinui
1225 3576 1346 3624 Saronico.
1379 3573 1466 3640 Itaque
1475 3581 1517 3623 eut

1017 3651 1109 3700 leuium
1124 3651 1172 3700 elio
1188 3665 1258 3700 sensu
1274 3650 1353 3715 posuit
1363 3648 1458 3714 (Senot.
1469 3649 1514 3698 nu-

1016 3725 1086 3790 ripid.
1098 3724 1128 3775 ed
1140 3725 1228 3775 Phoen.
1240 3723 1265 3773 ii.
1276 3724 1314 3788 6.)
1329 3732 1372 3774 eut
1385 3722 1447 3772 nlius
1459 3738 1516 3772 euc-

1017 3807 1078 3848 tore·
1088 3807 1203 3864 sequutus
1214 3807 1258 3847 eet.

1049 3875 1106 3922 5³6.
1123 3875 1149 3922 Si
1166 3884 1241 3922 tumen
1258 3875 1284 3921 in
1302 3873 1348 3928 dio,
1365 3871 1427 3935 ete]
1447 3871 1516 3921 Circe

1016 3947 1111 3998 Saturni
1121 3946 1237 4012 geuene
1244 3946 1268 3995 in
1277 3961 1342 3994 tuere
1351 3946 1459 4011 projecte
1468 3955 1518 3995 ortu

1015 4029 1052 4072 eet
1069 4039 1149 4084 spuma
1162 4021 1265 4087 (ἀφρὸς)
1282 4021 1346 4076 albe,
1356 4018 1423 4070 unde
1435 4021 1518 4070 Venus

1015 4091 1344 4162 (unumunurm)
1357 4094 1457 4160 ...uu
1467 4094 1517 4142 u.

1013 4169 1175 4236 tiodTheog.
1188 4170 1326 4220 tet-too.
1358 4169 1398 4218 Sic
1413 4168 1454 4218 hic
1465 4183 1517 4232 ruy-

1014 4245 1070 4295 thue
1079 4258 1153 4311 greve
1164 4253 1310 4296 momentum
1321 4243 1347 4292 iu
1356 4243 1395 4292 his
1405 4242 1518 4309 precibus

1014 4319 1141 4368 ministrat.
1181 4319 1301 4368 Concede.
1328 4315 1429 4366 Hesiod.
1453 4314 1515 4380 tepi-

1013 4393 1072 4459 φθη,
1084 4407 1128 4458 pro
1138 4393 1250 4458 ἐπήχθη.
1279 4391 1430 4457 Peip'unduut
1444 4393 1518 4447 dien,

1013 4468 1061 4526 etc
1078 4465 1136 4528 drd3
1153 4470 1214 4526 dieu,
1226 4466 1329 4524 divinus,
1348 4473 1403 4531 post
1421 4467 1518 4516 Lucret.

1012 4541 1123 4591 dixerunt
1130 4541 1210 4591 multi.
1227 4542 1443 4590 Etdtueeeocttur
1452 4553 1517 4590 mere

1012 4625 1107 4683 propter
1117 4617 1264 4669 entitatem.
