3552 5984
459 699 550 802 xxm
720 791 729 800 .
856 731 1117 800 rnmnnmo

461 923 567 974 torum
596 916 899 992 tempestatumque.
945 905 1058 991 Atque
1088 905 1159 972 haec
1187 907 1236 972 ita
1264 917 1403 974 tractata
1428 921 1515 984 sunt,

459 1037 497 1094 ut
517 1026 624 1092 omnia
644 1025 712 1091 lere
733 1026 811 1089 artis
827 1024 999 1089 rhetorices
1016 1037 1054 1118 ct,
1069 1026 1207 1110 poeticae
1226 1037 1393 1113 praecepta
1407 1049 1515 1096 egem.

459 1146 522 1232 plis
550 1166 593 1209 ex
622 1143 686 1210 hoc
714 1166 814 1228 opere
844 1143 954 1227 petitis
983 1141 1139 1208 illustrari
1166 1145 1302 1229 possint.
1359 1145 1515 1210 Continet

459 1263 544 1329 enim
573 1262 784 1337 narrationes,
813 1261 987 1337 orationes,
1016 1259 1182 1346 epistolas,
1212 1261 1392 1347 soliloquia,
1423 1274 1516 1330 nota·

459 1383 563 1447 tiones
587 1401 725 1455 mamm,
750 1379 985 1463 descriptiones
1011 1381 1189 1459 hominum,
1213 1381 1370 1460 locomm,
1393 1404 1514 1460 rerum,

459 1499 608 1585 hymnos,
622 1496 713 1562 lusus
736 1495 868 1592 ingenii,
884 1507 921 1560 ut
940 1519 1070 1562 carmen
1084 1500 1288 1584 pastoritium
1308 1511 1341 1566 et
1361 1513 1515 1579 παρακλαυ-

460 1624 567 1696 σίθυρον,
592 1614 850 1702 prosopopaeias,
881 1611 1115 1692 similitudines,
1142 1619 1329 1696 sententias,
1355 1624 1513 1700 acumina,

459 1740 582 1825 figuras
597 1735 700 1800 omnis
717 1733 855 1817 generis.
902 1731 954 1796 Ea
967 1755 1046 1798 vero
1067 1736 1258 1800 tractatione
1278 1759 1364 1803 nunc
1374 1740 1512 1826 jucundi
1547 1761 1561 1774 .
1591 1795 1602 1808 ,

460 1870 494 1926 et
512 1855 615 1922 teneri
635 1873 748 1918 sensus
767 1851 807 1915 in
821 1851 927 1916 animo
945 1849 1084 1936 legentis
1104 1853 1299 1932 excitantur,
1315 1878 1402 1922 nunc
1417 1858 1515 1924 vehe-

459 1977 632 2044 mentiores
647 1971 795 2038 adlectus
810 1981 1061 2036 commoventur.

503 2095 633 2168 Restat,
648 2102 686 2156 ut
702 2093 770 2177 jam
784 2090 962 2167 videamus,
977 2111 1043 2174 quo
1063 2113 1216 2158 successu
1235 2089 1291 2155 illa
1305 2091 1444 2158 Ovidius
1459 2115 1515 2158 ex·

460 2213 632 2283 ornaverit.
679 2209 945 2274 Confonnaverst
970 2211 1135 2296 ingenium
1164 2212 1207 2276 ad
1237 2213 1515 2296 praestantissimo-

448 2321 543 2409 rum,
558 2353 641 2417 quos
661 2328 794 2394 Grecis
810 2340 844 2393 et
864 2329 971 2394 Roma
990 2308 1142 2406 tulerant,
1157 2340 1327 2415 poetarum
1346 2331 1513 2417 exempla3

460 2473 566 2536 neque
583 2447 667 2514 adeo
683 2449 799 2512 mirum
815 2458 876 2525 est,
892 2449 1011 2531 passim
1028 2469 1103 2512 eum
1122 2448 1254 2513 eosdem
1273 2459 1307 2513 et
1326 2450 1360 2512 in
1379 2451 1516 2535 disposi-

460 2573 548 2637 tione
562 2590 671 2634 rerum
684 2566 925 2632 tractandamm
940 2577 973 2630 et
988 2567 1022 2630 in
1033 2566 1229 2630 omementis
1243 2565 1353 2632 multis
1363 2567 1516 2633 imantia

461 2687 670 2775 expressisse.
716 2683 811 2750 Pleni
839 2695 917 2748 sunt
943 2695 1114 2769 poetarum
1142 2684 1318 2770 principes,
1350 2683 1515 2752 Homerus

461 2805 697 2892 virgiliusque,
720 2803 766 2867 sic
792 2801 877 2866 enim
903 2799 1024 2866 iliados
1048 2812 1081 2867 et
1096 2801 1258 2868 AEneidcs
1277 2804 1360 2866 ratio
1377 2805 1515 2882 ferebat,

460 2923 581 3011 praeliis
602 2921 822 3004 caedibusque,
838 2919 1006 3003 inquibus
1026 2919 1226 2997 enarrandis,
1243 2942 1283 2985 ne
1304 2920 1438 2986 taedium
1451 2921 1517 2988 lec·

462 3045 524 3108 tori
538 3051 696 3115 crearent,
711 3037 926 3124 pugnantium
946 3038 1095 3122 patriam,
1111 3036 1269 3113 habitum,
1285 3049 1432 3117 conante,
1447 3037 1516 3103 vul-
1617 3120 1624 3128 ι

460 3183 550 3236 nera,
565 3169 685 3224 mortes
699 3157 837 3220 maxima
852 3156 1008 3220 varietate
1019 3154 1272 3240 descripserunt.
1317 3155 1441 3221 Noster
1458 3157 1518 3243 igi-

462 3261 526 3355 tur,
542 3297 642 3363 quum
662 3274 803 3340 Perseus
823 3284 857 3339 et
873 3273 1025 3339 Theseus
1045 3275 1088 3338 ab
1110 3297 1150 3340 eo
1171 3275 1373 3359 producendi
1395 3287 1515 3356 essent,

461 3417 600 3484 quorum
624 3395 726 3458 virtus
754 3393 851 3458 etiam
879 3393 914 3456 in
943 3391 1063 3477 praeliis
1092 3393 1266 3471 enituerat,
1291 3415 1352 3458 nec
1376 3392 1449 3459 hsec
1473 3394 1517 3460 ab
1612 3394 1618 3404 “

462 3537 561 3603 opere
572 3534 632 3579 suo
646 3534 676 3575 v.
689 3521 723 3576 et
738 3510 793 3574 xii.
805 3512 919 3576 abesse
934 3510 1047 3590 voluit,
1062 3533 1183 3596 easque
1198 3512 1434 3597 descriptiones
1451 3533 1516 3578 non

462 3633 559 3699 modo
580 3632 614 3695 in
635 3630 785 3694 universa
807 3627 1035 3706 delineatione,
1059 3630 1117 3695 sed
1146 3631 1244 3694 etiarn
1265 3631 1300 3695 in
1321 3631 1516 3716 quibusdam

462 3749 673 3817 bellatoribus
702 3748 852 3812 notandis
875 3746 916 3813 ad
943 3747 1093 3833 exempla
1120 3747 1176 3814 illa
1203 3751 1403 3834 composuit;
1431 3771 1518 3814 eam-

463 3871 602 3952 demque
622 3865 778 3931 rationem
796 3866 892 3930 etiam
911 3866 944 3929 in
963 3866 1035 3951 apri
1051 3867 1221 3953 Calydonii
1235 3869 1406 3934 venatione
1425 3889 1517 3934 secu·

463 3999 516 4054 tus
533 3996 592 4051 est.
638 3982 876 4049 Celebrabatur
894 3985 1036 4050 omnium
1054 4007 1201 4052 sermone
1217 3983 1363 4052 sublimis
1377 3985 1431 4051 ille
1446 3985 1517 4052 Ho-

463 4105 543 4171 meri
561 4102 663 4177 locus,
679 4123 745 4186 quo
760 4100 893 4186 Jupiter
908 4123 1064 4168 concusso
1079 4105 1185 4187 capite
1197 4103 1378 4189 Olympum
1391 4115 1515 4170 movet:

462 4223 560 4290 talem
573 4221 673 4306 igitur
688 4219 805 4284 dorem
824 4230 858 4286 et
875 4221 945 4306 ipse
963 4222 1101 4287 induxit.
1149 4221 1257 4288 Pestis
1271 4223 1517 4309 descriptiones,

462 4365 555 4430 quas,
571 4338 768 4424 Thucydide
785 4352 964 4424 praeeunte,
981 4341 1157 4407 Lucretius
1175 4352 1274 4427 atque
1290 4339 1446 4427 Virgilius
1461 4340 1519 4406 de·

463 4464 589 4539 derant,
604 4457 723 4544 cupide
743 4458 785 4523 sb
805 4460 953 4526 omnibus
972 4459 1183 4548 legebantur3
1207 4459 1301 4526 simili
1317 4462 1418 4546 igitur
1432 4457 1516 4536 loco,

464 4592 612 4646 auctores
626 4575 697 4642 illos
717 4575 885 4664 effingens,
902 4601 995 4644 suum
1010 4603 1142 4665 qnoque
1161 4602 1245 4665 opus
1264 4579 1402 4644 ornavit.
1446 4577 1517 4642 Ne·
