3552 5984
514 785 1007 857 METAMORPHOSEON.
1171 789 1177 799 ’
1240 789 1287 858 liii

277 957 353 1022 Lib.
370 955 433 1022 111.
465 957 579 1022 Filiam
598 960 746 1024 amissam
760 958 895 1046 Agenor
914 963 1067 1028 Codnnmn
1080 965 1178 1050 juber
1197 955 1293 1030 irna'

231 1078 360 1162 stigare.
393 1076 496 1150 Quod
506 1076 585 1140 dum
596 1073 649 1141 ille
660 1075 749 1153 facit,
762 1078 794 1142 in
807 1065 937 1145 Boeotia
951 1083 1285 1150 edentibrndrcconia

230 1195 328 1260 occisi
342 1195 425 1259 ratio
434 1203 632 1260 enascuntur
641 1175 792 1272 homines,
800 1199 992 1280 quibuscum
1003 1199 1056 1266 ille
1067 1202 1186 1267 deinde
1193 1201 1283 1266 Tbe-

230 1315 288 1378 ben
298 1314 455 1378 condidit.
488 1313 577 1378 Huic
590 1335 655 1378 non
670 1315 800 1380 omnino
812 1315 898 1382 felici
912 1318 1060 1386 luctuosa
1069 1322 1207 1406 primum
1222 1321 1284 1388 brit

231 1431 394 1498 Actoeonia
416 1435 544 1518 nepotis
568 1434 603 1498 in
624 1455 748 1499 comm
765 1437 881 1502 mutati
904 1435 1087 1518 dilaniatio;
1111 1461 1185 1525 quoe
1205 1461 1282 1504 vero

231 1551 365 1632 Junoni,
380 1575 480 1638 quum
498 1553 640 1617 Semelen
655 1551 815 1638 pellicem,
834 1553 948 1620 Cadmi
968 1555 1081 1635 filiam,
1102 1569 1138 1622 ut
1156 1579 1282 1626 omnem

127 1683 131 1690 '
231 1671 394 1757 Agenoris
417 1672 558 1756 domum,
583 1672 714 1750 odisset,
737 1683 830 1758 grata
852 1673 933 1739 fuit:
956 1676 1096 1761 ideoque
1115 1679 1281 1765 adipeam

230 1791 312 1856 facie
323 1791 447 1855 Beroea
461 1791 631 1868 accedens,
644 1790 721 1857 dolo
735 1791 855 1871 effecit,
871 1806 909 1859 ut
924 1792 978 1876 illa
991 1795 1082 1860 doris
1095 1768 1282 1865 fulminibus

229 1909 485 1974 combureretur.
523 1909 614 1974 Dum
628 1911 826 1988 Bocchum
846 1910 988 1976 Semelen
1005 1911 1170 1998 flagrantis
1187 1925 1281 1980 utero

230 2039 388 2105 servatus,
412 2029 444 2092 io
467 2029 561 2093 terris
589 2030 743 2107 nutritur,
764 2030 895 2116 Jupiter
918 2053 991 2096 cum
1014 2030 1146 2097 Junone
1171 2033 1282 2118 diapu-

230 2157 312 2236 tans,
331 2155 407 2212 utra
429 2147 470 2210 ait
484 2145 599 2212 Venur
619 2147 758 2223 auarior,
782 2147 939 2212 Tiresiam
958 2147 1094 2214 adhibet
1113 2149 1280 2228 arbitrum,

229 2265 491 2350 quandoquidem
508 2287 621 2330 sexum
635 2275 807 2350 utrumque
822 2265 930 2330 hrerat
943 2277 1109 2352 expertus.
1155 2267 1199 2344 la,
1214 2267 1280 2332 lata

227 2393 339 2448 contra
357 2382 521 2449 lunonem
537 2385 708 2460 sententia,
724 2385 766 2450 ab
783 2381 838 2448 illa
856 2385 986 2471 quidem
1000 2385 1070 2450 visu
1089 2387 1245 2472 privatus,
1261 2410 1281 2451 a

227 2499 310 2566 Jove
324 2512 434 2567 autem
445 2503 639 2568 vaticinandi
653 2503 819 2568 scientiam
833 2515 1025 2569 consecutus
1036 2516 1096 2570 est.
1136 2503 1278 2570 Primum

226 2624 295 2707 ejus
315 2622 484 2688 oraculum
506 2625 539 2688 in
559 2624 718 2688 Narciaao
737 2623 981 2708 comprobatum
1004 2621 1082 2688 fuit:
1106 2623 1163 2708 qui
1178 2643 1278 2707 quum

226 2740 352 2826 puellae
366 2763 489 2821 omnen,
504 2743 589 2808 inter
602 2766 683 2829 quas
698 2755 731 2809 et
747 2745 840 2808 Echo
856 2765 926 2828 prae
946 2743 1062 2808 amoris
1080 2743 1278 2828 impatientia

225 2861 258 2924 in
272 2883 379 2926 nocent
402 2860 509 2925 fuerat
531 2883 696 2938 conversa,
712 2861 944 2937 contemsisset,
960 2861 1010 2925 aui
1027 2860 1128 2946 ipsius
1145 2860 1276 2924 tandem

226 3003 334 3047 amore
352 2982 596 3058 contabescens,
602 2981 673 3067 flor
687 2989 736 3046 eat
751 2981 855 3046 factus
870 2981 920 3045 sui
934 2980 1079 3052 nominis.
1118 2979 1278 3044 Partheno

225 3111 332 3164 tamen
346 3109 453 3164 vatem
467 3098 555 3163 hunc
570 3099 744 3176 irridebam
760 3121 945 3185 quanquam
958 3107 993 3163 et
1007 3097 1071 3182 ipai
1085 3097 1152 3162 lata
1167 3096 1277 3180 lutura

225 3219 436 3304 praedicebat,
465 3219 584 3303 quibus
613 3239 689 3282 mox
718 3227 852 3282 eventus
868 3216 1042 3288 constitit:
1074 3236 1148 3279 nam
1176 3236 1276 3300 quum

226 3335 329 3422 Orgia
344 3336 596 3412 celebrarentur,
612 3333 665 3400 ille
680 3335 855 3410 Bocchum,
872 3334 933 3398 sub
947 3353 1087 3416 persona
1102 3331 1212 3396 famuli
1227 3355 1277 3396 aa·

225 3477 352 3520 crorum
366 3453 531 3530 latentem,
546 3464 719 3538 postquam
740 3453 921 3542 Tyrrhenos
935 3460 1051 3516 nautor
1065 3453 1098 3516 in
1112 3451 1277 3536 debilium

224 3595 293 3638 erac
316 3564 571 3637 transformatos‘
582 3572 625 3635 ab
644 3571 759 3636 eodem
780 3543 987 3654 cognoverat,
1005 3571 1039 3634 in
1056 3567 1183 3633 vincula
1200 3591 1276 3632 con·

220 3692 315 3775 jecit;
339 3693 383 3756 ob
401 3691 490 3776 quod
508 3689 632 3754 facinus
649 3711 670 3753 a
689 3688 830 3755 Bacchis
847 3699 898 3754 est
914 3689 1113 3772 discerptum
1136 3687 1171 3752 id
1186 3689 1274 3772 quod

126 3861 128 3869 ,
224 3831 371 3893 magnam
386 3808 475 3892 apud
491 3827 602 3872 omnes
616 3805 714 3871 fidem
730 3806 827 3870 sacris
843 3803 1034 3871 conciliavit.
1059 3865 1066 3882 ,

266 3927 342 3992 Lib.
359 3924 421 3991 IV.
446 3925 593 3990 Alcithoe
611 3936 718 3991 tamen
734 3936 769 3989 et
784 3945 922 4000 sorores,
938 3933 1124 3988 constanter
1141 3945 1181 3988 ea
1198 3945 1274 3988 con·

223 4057 414 4122 temnentes,
423 4045 502 4131 ipsis
514 4045 630 4110 diebus
639 4043 729 4109 festia
740 4041 880 4107 lanificio
888 4063 1020 4126 operam
1031 4041 1164 4118 dabant,
1177 4065 1274 4126 opus·

222 4187 284 4248 que
309 4149 464 4228 levabant
486 4161 611 4228 sabellis
633 4161 833 4238 enarrandis,
855 4161 897 4224 de
918 4159 1062 4246 Pyramo
1084 4170 1117 4224 et
1145 4161 1272 4238 Thisbe,

222 4305 359 4367 quorum
382 4281 539 4367 sanguine
564 4282 661 4346 monis
682 4283 777 4369 niger
801 4279 1054 4356 coloradditru,
1077 4280 1120 4344 de
1142 4280 1218 4344 Sole
1238 4281 1272 4344 in

224 4402 427 4487 Eurynomen
442 4421 546 4476 verso,
565 4410 603 4463 ut
619 4421 693 4463 cum
710 4397 902 4463 Leucothoe
922 4398 1161 4475 concumberet,
1177 4419 1274 4480 quam

221 4521 262 4586 ob
275 4543 345 4586 rem
364 4519 472 4603 Clytie
485 4517 634 4606 zelotypa
647 4521 680 4584 in
691 4517 912 4602 heliotropium
927 4527 1061 4592 mutata,
1074 4515 1215 4599 denique
1230 4490 1284 4579 de¹

221 4639 497 4726 Hermaphrodito
522 4649 559 4724 et·
581 4637 762 4702 Salonam
786 4638 819 4700 in
844 4657 937 4700 unum
963 4621 1079 4720 empna
1101 4633 1269 4700 concretis.
