3552 5984
343 799 411 863 DE
435 795 601 864 OPERE
624 795 1119 865 METAMORPHOSEON.
1156 802 1261 864 mxvii

325 972 346 1030 J
347 991 393 1030 am
406 971 479 1030 mihi
492 970 615 1030 subdnei
627 969 716 1030 faties
728 970 856 1030 hnmana
868 970 1002 1030 videtur:

325 1067 393 1126 Jsm
407 1067 489 1126 nibus
501 1066 590 1126 herba
602 1064 697 1144 planet
705 1087 715 1136 ;
732 1067 795 1144 jam
807 1065 875 1126 latis
888 1086 1003 1126 currere
1015 1067 1133 1146 eampis·

327 1162 461 1241 Impetus
473 1170 526 1220 est.

209 1321 291 1386 Mox
306 1321 452 1406 sequitur
465 1321 601 1385 mutatio
614 1321 702 1406 ipsa:
827 1347 829 1353 v

603 1469 675 1530 Pars
687 1481 733 1531 eet
747 1480 877 1532 extreme
889 1473 1013 1552 querele

325 1565 481 1626 Intellecta
492 1585 607 1645 parum,
621 1567 796 1646 aoniumque
808 1569 896 1627 verba
910 1569 1001 1629 fuere.

327 1661 400 1720 Mox
413 1681 467 1720 nae
475 1661 562 1720 verba
574 1659 702 1738 quidem,
716 1680 770 1720 nee
783 1653 847 1740 quae
859 1683 945 1724 sonus
959 1663 1010 1724 iile
1023 1663 1149 1734 videtur,

327 1753 387 1814 Sed
398 1754 563 1816 simulantis
576 1775 680 1834 equam
687 1777 698 1826 ς
719 1776 864 1836 parvoque
877 1758 908 1816 in
921 1770 1051 1838 tempore
1064 1772 1156 1820 eertos

326 1849 432 1911 Edidit
444 1851 587 1918 hinnitus,
600 1863 630 1910 et
643 1851 760 1910 brechia
772 1853 862 1911 movit
876 1853 907 1910 in
920 1853 1031 1914 herbas.

326 1943 405 2004 Tum
418 1944 503 2023 digiti
516 1954 631 2014 meunt,
645 1954 676 2004 et
689 1945 792 2024 quinos
805 1945 915 2024 adliget
930 1967 1043 2025 ungues

327 2039 474 2120 Perpetuo
486 2059 575 2100 eumn
587 2039 660 2100 levis
673 2039 800 2119 ungrrla:
821 2041 922 2100 crescit
937 2052 967 2101 et
980 2043 1036 2101 oris

327 2135 369 2194 Et
383 2134 449 2194 eussi
462 2135 607 2214 spatium:
627 2133 720 2212 longe
732 2153 798 2212 pers
810 2133 915 2193 ultima
927 2134 1013 2214 pelle

327 2229 429 2288 Cende
442 2228 493 2288 fit:
513 2241 605 2308 utque
617 2230 684 2308 regi
697 2229 791 2289 crines
804 2249 856 2308 per
869 2229 942 2290 eolla
951 2231 1097 2308 jaeebunt,

328 2323 364 2383 In
378 2323 495 2384 dextras
508 2325 604 2384 abiere
613 2325 708 2402 jubes.
794 2315 797 2322 ²

213 2493 408 2579 Quanquam
426 2492 480 2558 hie
498 2493 629 2579 iugenio
646 2493 767 2558 ebusus
784 2503 834 2558 est
851 2504 961 2579 poeta,
977 2504 1153 2560 extremam
1167 2493 1263 2580 pallae

212 2621 336 2698 partem
352 2611 387 2676 in
406 2611 543 2676 eandam
560 2609 801 2676 transformans.
840 2611 1000 2696 Daphnea
1023 2612 1091 2677 feto
1112 2613 1262 2692 instante,

211 2733 233 2796 i.
250 2733 331 2798 548:
972 2822 975 2829 Ι

565 2849 676 2930 Turpes·
688 2849 784 2928 gravis
797 2847 907 2928 adligat
920 2861 1009 2920 artus,

330 2943 435 3004 Mollis
447 2944 606 3024 cinguntur
619 2943 700 3004 tenui
714 2943 869 3023 praeoerdin
881 2943 964 3003 libro.

329 3039 367 3097 111
380 3037 512 3098 frondem
526 3038 629 3107 crines,
643 3038 673 3096 in
687 3057 780 3097 ramos
792 3037 909 3096 brachia
921 3049 1063 3098 creseunt.

331 3133 400 3204 Pes,
415 3133 499 3193 modo
511 3144 572 3193 tam
581 3133 676 3203 velox,
690 3133 779 3213 pigris
793 3133 936 3194 radicibus
949 3133 1057 3194 heret:

328 3227 390 3288 Ora
403 3248 541 3289 caerrmen
553 3229 614 3288 obit
621 3250 632 3299 3
653 3239 783 3288 remanet
796 3229 874 3288 nitor
887 3248 963 3288 unus
976 3229 1008 3288 in
1022 3228 1081 3288 illa.

215 3414 302 3480 Saxa
315 3436 415 3480 unum
424 3413 549 3480 vultum
559 3413 693 3490 habent,
704 3435 763 3479 nec
778 3424 888 3499 partes
899 3414 1150 3492 discriminatas3
1166 3413 1267 3478 nihilo

216 3544 320 3598 temen
334 3534 440 3598 miuus
455 3534 488 3598 in
502 3555 542 3598 ea
555 3555 686 3618 quoque
706 3534 877 3598 transitum
889 3532 1036 3619 jucunde
1051 3533 1216 3619 descriiqit,
1233 3533 1264 3595 ii.

219 3650 291 3728 820,
305 3651 364 3715 ubi
378 3649 527 3738 Aglauro
900 3645 904 3654 ’

333 3807 458 3886 Surgere
471 3808 588 3867 enuauti
600 3819 707 3887 partes,
721 3828 906 3888 quaeeunque
919 3809 1046 3869 sedendo

333 3903 505 3972 Flentium,
519 3904 623 3982 ignara
635 3914 784 3982 nequeunt
797 3903 939 3983 gravitate
952 3904 1068 3964 moveri.
1130 3905 1134 3912 ’

334 3997 390 4056 iila
403 3997 520 4076 quidem
532 4009 611 4057 reete
624 4008 735 4079 pugnat
748 4017 779 4057 se
793 3996 926 4056 attellere
940 4007 1060 4056 trunen:

335 4091 394 4151 Sed
406 4111 534 4170 genuum
544 4091 684 4169 junctura
697 4091 782 4170 riget,
796 4091 945 4169 frigusque
959 4110 1011 4170 per
1025 4102 1105 4152 artus

335 4185 468 4254 Labitur,
482 4195 513 4244 et
525 4185 637 4264 pallent
650 4185 754 4268 emisse
766 4184 906 4271 sangnine
918 4205 1008 4244 venre.

336 4279 564 4340 ——hetalis
577 4281 669 4340 hiems
682 4277 865 4359 paulatimzin
880 4289 996 4357 pectora
1009 4281 1101 4350 venit,

339 4351 583 4454 Vitalesque⁸viss
596 4385 627 4434 et
640 4374 829 4454 respiramina
840 4373 953 4433 elausit.

340 4469 403 4529 Nee
415 4481 516 4530 ennete
530 4470 608 4548 loqui
621 4479 684 4540 θεῖς
706 4490 770 4538 nee,
783 4469 808 4528 si
822 4481 924 4528 eonata
937 4470 1050 4540 fuisset,

339 4562 424 4623 Vocis
436 4565 555 4625 heberet
570 4565 626 4625 iter
633 4587 644 4635 ;
664 4585 766 4624 saxum
777 4564 839 4641 jam
853 4563 926 4623 eolla
938 4567 1065 4635 tenebat,
1094 4553 1101 4564 ⁵

342 4657 454 4738 Oraque
468 4660 646 4721 duruerant:
669 4661 840 4739 signumque
854 4679 998 4738 exsangue
1011 4660 1137 4720 sedebat.
