3450 5998
281 734 286 747 '
396 749 866 834 nmnuonnuosnou
890 768 981 836 nra.
1006 769 1075 835 111.
1194 773 1259 838 aar

257 941 357 1016 'l'um
392 943 499 1018 Deus
534 941 708 1030 illudens,
735 954 917 1042 tanquam
952 945 1065 1020 modo
1093 944 1259 1044 denique

359 1060 528 1135 fraudem
1184 1067 1259 1138 650

211 1176 393 1264 Senserit,
412 1202 435 1252 e
451 1177 572 1277 puppi
590 1189 748 1276 pontum
766 1189 986 1278 prospectat
1003 1179 1162 1256 adunca.

211 1291 261 1366 Et
276 1292 382 1368 flenti
395 1293 554 1383 'similis;
585 1293 673 1368 Non
691 1296 773 1368 haee
791 1293 882 1369 mihi
899 1295 1021 1383 litora,
1041 1307 1177 1383 nautae,

211 1409 455 1501 Promisistis
475 1410 548 1502 ait3
578 1436 653 1486 non
670 1413 751 1486 haee
769 1411 861 1486 mihi
875 1423 975 1487 terra
992 1424 1123 1508 rogata
1141 1424 1220 1486 est:

211 1525 295 1612 Quo
313 1528 433 1602 merui
451 1551 600 1627 poenam
618 1527 745 1604 facto?
771 1553 857 1627 quae
875 1529 994 1626 gloria
1011 1540 1135 1604 vestra
1151 1537 1224 1616 est,¹

211 1641 251 1716 Si
270 1667 430 1742 puerum
442 1645 614 1742 juvenes
633 1646 666 1720 si
684 1646 793 1720 multi
810 1645 937 1722 sallitis
955 1646 1095 1722 unum?
1132 1677 1134 1682 ’
1184 1649 1257 1719 665

209 1757 439 1834 Jamdudum
458 1761 612 1836 flebam:
626 1797 628 1810 ·
640 1762 813 1838 lacrimas
828 1787 961 1838 manus
979 1761 1096 1861 impio
1112 1773 1257 1836 nostras

211 1875 348 1966 Ridet3
379 1888 419 1952 et
435 1877 595 1977 impellit
612 1879 898 1978 properantibus
917 1902 1070 1976 aequora
1088 1880 1212 1953 remis.

210 1991 284 2068 Per
301 1994 372 2068 tibi
389 2019 489 2069 nunc
507 1995 644 2095 ipsum,
664 2020 734 2070 nee
752 1995 853 2070 enim
870 1995 1090 2095 praesentior
1106 1995 1171 2069 illo
1244 2089 1249 2100 .
1311 2011 1312 2020 ’

210 2107 280 2184 Est
298 2109 417 2199 Deus
436 2113 581 2210 adjuro,
601 2124 679 2187 tam
698 2138 758 2188 me
776 2113 844 2187 tibi
861 2136 950 2188 vera
966 2110 1115 2200 referre,

210 2225 334 2310 Quam
351 2229 428 2302 veri
446 2231 589 2327 majora
605 2231 701 2324 fide:
730 2232 836 2306 stetit
853 2254 1005 2329 aequore
1019 2231 1158 2330 puppis
1185 2233 1258 2304 660

208 2339 322 2416 Haud
339 2343 459 2432 aliter,
479 2369 593 2443 quarn
612 2347 643 2420 si
661 2347 805 2420 siecum
824 2348 955 2422 navale
973 2357 1130 2420 teneret.

211 2457 269 2533 llli
287 2459 516 2535 admirantes
533 2485 720 2537 remorum
739 2463 778 2544 iu
793 2463 949 2538 verbere
967 2473 1156 2569 perstant3

209 2575 381 2674 Velaque
393 2577 604 2668 deducunt;
621 2578 848 2677 geminaque
858 2604 929 2678 ope
937 2602 1085 2655 currere
1096 2587 1256 2654 tentant.

210 2689 428 2790 Impediunt
444 2693 593 2768 hederae
611 2718 746 2783 remos,
766 2677 1120 2792 nexuque'recurvo

238 2919 295 2968 662.
314 2919 569 2985 Nonlaecmtlri,etc.]
586 2920 705 2970 nonnae
755 2921 957 2971 lenziusoontm:
970 2921 1260 2980 eoutrnlrnntvels,antoa

208 2992 265 3042 milri
280 2991 352 3043 litora
366 2993 514 3059 promisistis.
524 3011 578 3060 qne
594 3009 641 3044 nou
652 3007 707 3045 sunt
756 3003 870 3062 expansa,
881 3004 997 3062 tanquam
1013 2997 1039 3046 in
1056 2997 1118 3046 vado
1134 3005 1223 3054 esseut,
1235 3007 1259 3046 et

208 3067 284 3124 litore,
295 3067 338 3117 sed
351 3083 430 3117 mare:
448 3084 496 3118 non
506 3069 558 3118 hue
569 3077 641 3128 terra,
651 3085 706 3136 que
755 3068 882 3136 geminatis
892 3069 982 3119 viribus
989 3086 1067 3119 remos
1074 3079 1178 3120 movent.

208 3159 253 3192 nou
269 3152 306 3191 est
323 3151 394 3200 terra,
406 3143 448 3193 sed
466 3159 539 3210 aqna,
551 3143 610 3193 mihi
625 3154 708 3210 rogata
789 3144 846 3193 664.
863 3144 996 3207 Impediunt
1014 3146 1100 3194 dudm
1116 3145 1208 3208 νοω]
1228 3146 1256 3194 ln

206 3225 249 3266 est.
260 3217 344 3266 Burni.
376 3218 478 3267 Leudm
494 3235 549 3268 vero
564 3227 642 3284 putet,
652 3235 708 3268 eum
757 3217 846 3283 hymno
864 3219 972 3276 Homeri,
989 3220 1071 3268 vinum
1086 3219 1139 3268 linit
1156 3237 1198 3286 per
1215 3235 1257 3269 na·

208 3291 355 3358 prospexisse
372 3293 423 3359 jam
442 3293 521 3342 Delon
542 3292 708 3360 propinquam.
757 3307 821 3350 vern,
841 3307 895 3341 mox
916 3292 942 3342 in
960 3293 1014 3342 velo
1035 3293 1178 3356 expanditur
1198 3293 1259 3348 vitis,

207 3367 277 3415 Hanc
285 3366 501 3432 interpretationem
510 3367 609 3433 adjuvet
617 3368 708 3434 Schep·
758 3366 848 3416 malum
861 3365 937 3432 cingit
952 3367 1050 3426 hedera,
1064 3368 1194 3434 eeslmique
1209 3385 1258 3418 oru-

208 3440 258 3505 peri
273 3441 424 3506 conjecture:
440 3452 533 3504 portum
546 3459 589 3509 pro
602 3452 707 3504 pontum.
759 3455 801 3489 nes
815 3440 907 3490 coronis
923 3449 1047 3492 ornantur.
1080 3441 1205 3506 Hyginus:
1224 3461 1258 3490 ro-

209 3515 266 3569 ΟΜ
280 3517 366 3582 glorio,
376 3523 423 3566 ele.
436 3525 464 3564 ut
478 3515 559 3566 Tibul.
569 3517 591 3566 Ῑ.
601 3517 652 3565 viii.
669 3517 709 3566 49.
758 3533 804 3565 ntor
814 3515 845 3566 iri
855 3509 942 3579 rt'yrsor
954 3519 1061 3574 multavit,
1071 3519 1122 3566 uelo
1132 3520 1159 3565 in
1172 3521 1258 3579 pompi-

206 3605 278 3651 puero
293 3608 341 3654 quc
354 3592 432 3656 glorio
445 3594 521 3642 uicto?
547 3591 646 3642 Juoerm
661 3591 710 3641 diei
759 3591 1084 3648 mandamentum.
1117 3591 1177 3640 Here
1188 3590 1259 3655 igitur

207 3664 284 3713 solent
293 3673 373 3714 naute
383 3675 408 3714 et
418 3666 525 3730 remiges.
760 3673 842 3713 auctor
860 3663 963 3730 quisque
980 3681 1023 3712 suo
1040 3664 1110 3713 modo
1128 3665 1259 3720 eromavit,

240 3739 297 3788 666.
315 3739 417 3790 Praerenr
427 3741 707 3806 Deosquinobisauxi·
757 3737 863 3787 omnium
889 3737 1049 3804 copiosissime
1075 3739 1176 3796 Seneca,
1203 3739 1259 3788 OEd.

208 3812 382 3864 liosuosdest.
413 3814 496 3864 Sedh.
508 3815 525 3864 l.
535 3816 646 3880 ambigue
657 3813 708 3864 dio·
758 3812 950 3863 451-456.ubi
964 3811 1036 3862 etiem
1051 3828 1116 3861 mare
1130 3811 1155 3860 in
1165 3821 1258 3879 pratum

207 3895 258 3936 tum
274 3887 377 3945 videtur,
395 3898 419 3938 et
439 3889 509 3939 simul
531 3889 561 3940 de
583 3887 709 3954 presentia
757 3896 872 3936 mutatur.
906 3885 1260 3953 Similiaplroenomensleguu-

208 3962 310 4027 torporis
324 3962 474 4030 capiendum.
508 3963 579 4012 Conl.
591 3963 641 4012 xiv.
651 3964 707 4012 679.
757 3970 803 4019 tur,
814 3961 847 4010 iv.
863 3962 925 4012 ³94:
944 3961 1073 4012 claudian.
1085 3978 1110 4009 x.
1125 3963 1182 4011 166.
1209 3963 1258 4012 Ve·

213 4037 262 4086 Vm·
270 4039 371 4102 fidant
387 4037 503 4088 Heroidd.
516 4035 618 4088 xvi.60.
654 4038 707 4087 Veri
758 4051 814 4086 nere
824 4035 977 4094 adventante,
987 4047 1012 4086 et
1023 4036 1152 4086 xxiv.³66.
1160 4036 1259 4086 Baccho

209 4113 245 4160 nir
255 4112 363 4160 habituro
370 4113 458 4176 fidem:
476 4111 530 4161 vide
542 4110 675 4161 Heinsium.
757 4125 801 4175 per
816 4125 913 4175 equora
928 4111 999 4160 rubra
1013 4110 1150 4176 navigante,
1162 4109 1202 4160 nbi
1217 4127 1258 4162 no-

240 4187 295 4236 662.
307 4187 583 4251 Renmmirroertere]
603 4187 710 4250 Pergunt
757 4191 831 4232 strom
848 4182 926 4232 locum
942 4184 1055 4250 respexit,
1072 4185 1098 4234 in
1114 4201 1162 4250 quo
1178 4186 1259 4234 omnia

210 4261 330 4311 verberare
342 4261 590 4326 memmimus&
598 4261 708 4324 Homer.)
757 4259 807 4308 lere
834 4258 925 4308 Bacchi
957 4259 1061 4324 insignia
1092 4259 1258 4308 ostenduntur.

210 4335 285 4385 remis.
318 4334 431 4385 Similiter
438 4338 540 4401 piscator
551 4337 652 4386 voluat
661 4353 709 4383 um·
759 4334 899 4396 impediunt,
917 4333 1026 4398 cingunt,
1045 4343 1072 4384 ut
1091 4349 1144 4400 sup.
1160 4333 1186 4382 ii.
1203 4333 1260 4382 466.

209 4426 257 4457 nem
259 4411 352 4477 firma,
360 4409 428 4476 Virg.
439 4410 527 4474 Georg.
537 4409 554 4458 i.
565 4409 621 4458 141.
654 4409 710 4459 Vela
759 4407 856 4458 Hedera
873 4409 976 4458 brachiis
991 4409 1111 4466 animive
1126 4407 1259 4464 claviculis,

208 4485 325 4534 dadacum
341 4499 372 4533 ex
390 4482 509 4540 antennis,
527 4482 577 4541 ubi,
595 4483 709 4548 quamdin
759 4499 819 4547 quaa
834 4481 949 4547 plurimas
961 4483 1023 4532 inter
1036 4483 1093 4532 solia
1103 4481 1197 4537 emittit,
1208 4497 1259 4530 orn-

208 4573 266 4622 upns
276 4556 306 4608 iis
317 4573 364 4608 non
372 4565 431 4616 erat,
441 4557 516 4622 ligata
526 4556 670 4624 pendebant,
682 4566 709 4606 ut
759 4557 799 4606 nia
815 4556 960 4622 amplectens
976 4559 1038 4607 bene
1057 4573 1144 4620 serpere
1163 4554 1259 4613 dicitnr,

206 4635 295 4695 gemino
316 4649 364 4695 ope,
383 4631 441 4682 velis
457 4632 583 4702 remisque,
602 4641 708 4682 eumont.
759 4630 829 4696 eique
849 4649 918 4681 nonu
935 4632 1075 4681 tribuuntur.
1109 4632 1183 4692 Serpit
1200 4629 1261 4680 edoo
