3588 6000
387 769 455 836 DE
478 767 643 834 OPERE
666 764 1158 834 METAMORPHOSEON.
1245 771 1300 840 xlv

253 944 366 1022 centis,
389 943 448 1008 sed
471 953 505 1008 et
526 940 945 1029 personaevaccommodatra
966 940 1047 1006 sint:
1070 963 1144 1028 quae
1164 951 1301 1030 unaque

253 1063 325 1130 laus
344 1062 543 1130 orationibus
563 1061 632 1128 sera
650 1061 809 1138 omnibus,
825 1083 906 1148 quas
925 1059 988 1126 boc
1006 1083 1135 1126 carmen
1149 1059 1304 1146 plurimas

255 1184 367 1260 habet,
392 1182 542 1249 debetur.
594 1177 814 1246 Nobilissimoe
840 1191 926 1258 sunt,
952 1179 1019 1244 xiii.
1050 1181 1158 1258 1-378,
1186 1181 1305 1266 quibus

255 1301 344 1388 Ajsx
365 1312 398 1367 et
412 1299 548 1386 Ulysses
568 1300 610 1366 de
625 1297 763 1366 Achillis
778 1299 874 1364 arnris
894 1309 1031 1376 certant,
1046 1319 1183 1384 quarum
1203 1297 1306 1366 altera

256 1420 518 1506 indignationem,
534 1415 637 1484 altera
650 1415 859 1484 calliditatem
873 1417 984 1504 spirat,
995 1415 1050 1482 illa
1059 1415 1232 1484 vehemens
1243 1427 1305 1496 est,

256 1540 327 1605 brec
352 1539 529 1624 composita
557 1549 591 1604 et
614 1537 792 1616 moderata,
818 1547 956 1622 utraque
978 1545 1087 1602 autem
1109 1537 1305 1622 argumentis

257 1657 435 1723 fortissimis
455 1666 590 1742 pugnat.
639 1655 847 1722 Dissuasoria
862 1653 982 1720 Phoebi
998 1654 1041 1720 ad
1057 1653 1306 1734 Phaethontem,

256 1777 288 1842 ii.
316 1775 449 1853 50-102,
469 1797 535 1840 non
553 1774 651 1840 modo
673 1784 935 1860 argumentorum
954 1773 1099 1858 pondere
1122 1783 1155 1840 et
1177 1771 1306 1840 delectu

256 1893 352 1974 valet,
364 1895 422 1958 sed
431 1903 465 1960 et
474 1894 615 1960 animum
625 1903 798 1980 paternum
809 1892 1041 1978 sollicitumque
1053 1893 1172 1978 prodit.
1204 1891 1308 1958 Plena

258 2012 441 2078 acerbitatis
467 2022 517 2076 111
538 2011 654 2090 oratio,
674 2033 742 2097 qua·
761 2009 870 2095 Scylla
895 2009 1010 2078 Minoa
1032 2010 1221 2098 fugientem,
1242 2011 1305 2076 1111.

263 2131 411 2209 tuelle,
426 2131 612 2197 insectatur.
651 2128 889 2198 Convenienter
904 2131 1063 2216 majestati
1078 2153 1146 2196 suae
1161 2129 1305 2216 Jupiter,

260 2251 280 2314 i.
300 2249 450 2327 182-210,
470 2249 562 2315 Deos
580 2256 773 2314 convocatos
795 2247 981 2334 alloquitur,
1001 2247 1186 2335 sceleraque
1205 2248 1308 2316 homi·

259 2391 334 2434 num
348 2369 455 2434 verbis
470 2366 664 2453 gravissimis
679 2377 780 2432 notat.
826 2365 982 2434 Fidenter
997 2377 1031 2434 et
1047 2368 1089 2434 ad
1107 2391 1307 2435 commoren-

260 2487 336 2552 dum
351 2497 428 2572 apte
442 2484 557 2552 Tellus
573 2507 662 2550 suam
676 2484 853 2570 mundique
868 2505 998 2550 cauam
1012 2485 1090 2572 agit,
1104 2485 1137 2550 ii.
1154 2486 1306 2552 279-300.

261 2605 386 2670 Merum
405 2603 597 2690 zelotypiam
617 2614 650 2670 et
666 2603 754 2676 iram,
766 2625 808 2668 ex
826 2604 876 2668 sui
893 2614 1057 2672 contemtu
1073 2605 1192 2671 evomit
1205 2604 1307 2684 luno,

260 2724 439 2801 11511410,
458 2723 547 2810 apud
570 2724 663 2790 Deos
686 2723 834 2790 marinos.
880 2723 1042 2790 Praeclare
1067 2723 1244 2802 Pentheus,
1262 2724 1305 2790 111.

260 2843 389 2919 531-63,
408 2865 428 2906 a
445 2842 520 2906 novi
537 2843 604 2908 Dei
618 2841 763 2922 mollitie,
781 2865 801 2908 a
820 2865 984 2910 sacrorum
1000 2844 1071 2930 ejus
1088 2843 1227 2930 strepitu
1241 2854 1275 2910 et
1289 2867 1309 2910 a

260 2961 492 3028 Thebanorum
507 2963 630 3048 origine
642 2963 830 3030 deterrendi
840 2972 1029 3050 argumenta
1040 2963 1147 3030 sumit.
1185 2961 1308 3040 Niobe,

259 3082 370 3167 regina
392 3080 613 3160 celeberrima,
631 3082 859 3167 superbissime
881 3105 984 3168 genus
1010 3104 1115 3161 suum,
1137 3103 1228 3168 opes,
1249 3103 1309 3148 nu·
1439 3113 1448 3124 ·

259 3200 566 3284 merosissimamque
590 3197 714 3285 prolem
730 3200 846 3284 jactat,
861 3211 959 3286 atque
978 3201 1164 3266 contemtim
1180 3223 1251 3288 prae
1272 3223 1307 3266 se

261 3317 419 3384 Latonam
446 3319 581 3403 spernit,
604 3320 645 3384 11.
674 3319 822 3384 170-202.
868 3319 1027 3384 Convenit
1058 3318 1160 3384 furori
1178 3320 1307 3403 juvenis

259 3437 380 3502 incitati
397 3448 431 3501 et
447 3435 575 3522 perdite
593 3436 728 3500 amantis
748 3435 861 3515 oratio,
876 3459 941 3522 qua
962 3435 1121 3516 Phoebus,
1136 3436 1157 3502 i.
1174 3437 1306 3515 50124,

259 3555 425 3642 Daphnen
450 3553 627 3642 fugientem
655 3566 799 3633 revocat,
822 3578 945 3642 suaque
968 3556 1131 3622 connubia
1149 3578 1308 3622 commen·

259 3676 334 3754 dat3
358 3677 401 3740 ab
416 3698 519 3761 eaque
540 3675 637 3762 longe
652 3675 849 3761 discrepant,
865 3671 995 3762 quibus,
1010 3677 1055 3740 ix.
1076 3676 1182 3752 16-26,
1198 3673 1308 3740 Ache-

259 3792 331 3864 lous
346 3794 512 3880 Dejanirae
529 3795 660 3881 nuptias
681 3797 791 3862 ambit.
831 3795 870 3862 ln
889 3797 1037 3862 omnibus
1057 3795 1108 3860 his
1129 3807 1194 3860 tam
1214 3817 1309 3882 argu·

258 3923 376 3990 menta,
391 3937 487 3999 quam
502 3913 605 3980 forma
622 3917 802 3982 orationum
820 3916 967 4000 personis
986 3915 1161 3982 dicentium
1177 3914 1308 4000 egregie

258 4043 479 4118 attemperata.
518 4033 610 4100 Idem
629 4033 715 4102 valet
736 4035 777 4102 de
797 4036 975 4122 soliloquiis
983 4062 996 4112 ‚·
1016 4035 1105 4120 quod
1125 4034 1308 4121 apparebit,

258 4154 284 4218 11
297 4153 370 4238 quis
385 4176 415 4217 1.
431 4176 459 4220 1.
479 4175 564 4239 quoe,
580 4154 623 4219 iii.
640 4155 772 4233 262-72,
788 4154 889 4232 luno,
904 4167 949 4231 et,
965 4155 1006 4222 11.
1019 4154 1172 4230 687-701,
1184 4153 1308 4220 Β11111

129 4289 133 4298 ·
257 4295 367 4338 secum
386 4271 574 4358 loquuntur,
590 4285 624 4340 et
638 4276 811 4361 separatim
831 4285 865 4340 et
884 4275 1018 4340 interae
1032 4273 1149 4340 collata
1163 4273 1309 4340 conside-

258 4393 386 4456 raverit.
424 4392 641 4458 Narrationes
655 4391 824 4460 nonnullas
841 4403 955 4460 auctor
968 4391 1039 4456 aliis
1054 4392 1178 4471 tribuit,
1193 4413 1305 4476 eaeque

255 4521 387 4600 moratae
403 4510 481 4576 11111
500 4521 593 4590 111111;
616 4511 757 4598 ideoque
777 4510 879 4578 forma
901 4509 1059 4578 dissident
1080 4521 1144 4574 tam
1165 4533 1185 4575 a
1205 4531 1240 4574 se
1260 4509 1308 4574 in·
