3450 5998
398 758 868 844 ME'I'AMORPHOSEON
892 763 983 830 LIB.
1008 765 1071 831 IV.
1179 765 1246 832 277
1272 755 1278 773 ’

199 933 252 1006 Ut
268 957 368 1008 nunc
386 935 494 1032 nigre
510 935 606 1012 lerat
622 948 799 1012 contactu
817 940 1010 1037 sanguinis
1028 940 1149 1014 arbor.

196 1047 289 1124 Haec
301 1051 443 1149 placet3
464 1051 575 1142 hano,
587 1055 765 1151 quoniam
775 1057 1160 1154 vulgarislabulanon
1172 1068 1242 1144 est,

195 1165 352 1244 Talibus
367 1193 453 1243 orsa
469 1172 605 1259 modis,
625 1173 711 1247 lana
728 1199 797 1248 sua
813 1174 878 1249 lila
894 1185 1099 1273 sequente:
1211 1164 1214 1182 '

235 1283 456 1384 “Pyramus
465 1285 1127 1388 et'l'hisbe‚juvenumpulcherrimus
1135 1291 1242 1376 alter,

195 1400 336 1491 Altera,
356 1425 452 1501 quae
471 1403 608 1480 Oriens
626 1406 771 1496 habuit,
790 1409 945 1507 praelata
961 1409 1109 1510 puellis,
1194 1411 1242 1480 56

196 1517 405 1616 contiguas
421 1531 579 1596 tenuere
596 1524 742 1613 domos,
761 1526 827 1599 ubi
845 1526 982 1601 dicitur
999 1527 1114 1600 altam

196 1633 407 1710 Coctilibus
423 1637 540 1711 muris
558 1638 724 1736 cinxisse
743 1643 962 1718 Semiramis
979 1643 1123 1717 urbem.

196 1749 391 1839 Notitiam,
411 1745 629 1854 primosque
647 1757 786 1854 gradus
803 1759 940 1835 vicinia
956 1760 1066 1848 feeit;

194 1865 380 1968 Tempore
392 1871 510 1944 crevit
527 1895 652 1948 amor:
670 1875 780 1948 toedoe
794 1869 947 1975 qnoque
961 1879 1045 1975 jure
1062 1875 1239 1960 coissent,

196 1982 272 2060 Sed
290 1996 443 2062 vetuere
460 1997 608 2085 patres:
638 1991 740 2089 quod
758 2015 832 2065 non
850 2005 1008 2091 potuere
1024 2001 1164 2078 vetare,
1192 1995 1237 2064 61

225 2171 266 2220 54.
277 2171 343 2220 Louo
352 2189 394 2222 ma
397 2173 446 2238 fila
454 2187 556 2241 tmroeote
563 2177 692 2243 eleganter,
743 2193 758 2226 a
768 2175 923 2228 Semiramide
934 2175 1040 2234 excitati,
1052 2185 1077 2226 et
1086 2175 1111 2224 in
1122 2175 1243 2225 miraculis

193 2244 250 2294 dnm
264 2245 321 2296 lana
334 2246 459 2300 deducitur
474 2251 499 2301 in
513 2251 568 2312 lila;
586 2255 647 2317 requi
663 2251 693 2301 de
743 2251 825 2302 mundi
841 2251 901 2302 adeo
918 2252 1050 2302 numerati:
1070 2253 1168 2307 coctiles,
1184 2249 1241 2315 quia

194 2321 262 2370 rebne
272 2321 409 2374 ductilibna.
442 2325 505 2376 Vide
516 2326 546 2375 ad
558 2327 620 2376 Plio.
630 2321 692 2378 vn.
743 2325 850 2375 instructi
860 2335 929 2375 erant
938 2326 1012 2376 latere
1023 2325 1113 2382 coctili,
1125 2325 1242 2374 bitumine

195 2394 333 2460 naim.
741 2401 847 2451 interliti.
879 2401 1008 2451 Habebunt
1022 2399 1172 2450 altitudinem
1186 2411 1242 2449 een-

223 2472 264 2520 5⁵.
283 2469 397 2535 Pyrum
413 2482 438 2522 et
455 2473 535 2524 lbieto
552 2474 691 2541 Babylonii,
742 2483 793 2524 turn
810 2475 951 2532 cubitorum,
962 2475 1026 2525 unde
1040 2478 1095 2525 erbe
1108 2477 1171 2524 aba:
1188 2473 1244 2524 ride

193 2544 258 2594 triete
275 2547 361 2595 arnaria
374 2546 529 2600 infelieiaaimi
545 2550 690 2616 exemplum,
742 2549 810 2599 Curt.
820 2549 852 2598 V.
862 2549 879 2599 i.
887 2553 921 2599 24
935 2567 989 2616 sqq.
1001 2558 1026 2599 et
1040 2550 1082 2616 qui
1096 2548 1131 2598 ibi
1142 2549 1241 2599 laudan·

193 2635 293 2685 qnorum
307 2621 423 2686 unguine
438 2623 496 2674 mori
510 2639 581 2691 poma
598 2639 693 2690 asperae
742 2634 781 2673 mr
788 2625 819 2674 ab
829 2625 936 2691 Intemp.
969 2623 1040 2675 Alina
1050 2626 1102 2674 atta
1110 2625 1178 2673 noba
1186 2631 1243 2672 eunt

194 2694 286 2760 nigrum
295 2700 579 2760 eontraxemnteolorem.
613 2699 691 2750 Catte-
742 2696 848 2748 celebres
858 2707 884 2748 et
892 2698 1000 2749 valentes
1010 2689 1104 2768 onibua.
1136 2699 1177 2748 De
1187 2697 1243 2748 alti-

193 2767 339 2820 mmanullo
347 2772 515 2840 alioeen'ptore
524 2775 691 2840 antiquotrae-
742 2772 824 2822 tudine
845 2789 965 2823 mummnr
985 2783 1010 2824 et
1030 2774 1129 2824 trurtunr
1149 2771 1242 2824 variam

192 2851 242 2893 tnta
257 2854 295 2894 eat
310 2844 362 2894 bae
380 2845 469 2906 labnla,
480 2856 512 2906 et,
523 2847 569 2898 nisi
583 2847 648 2898 laeta
661 2849 692 2898 ab
742 2847 899 2914 Interpretee3
926 2847 977 2898 oid.
999 2848 1102 2897 Famab.
1123 2847 1154 2898 ad
1176 2845 1241 2897 bunc

193 2919 288 2976 ovidio,
306 2927 369 2970 oerte
386 2929 413 2971 ut
433 2941 478 2972 nou
498 2925 602 2990 vulgario
618 2932 644 2974 at
662 2939 692 2976 ex
742 2922 830 2972 locum.

193 2993 290 3044 Oriente
301 2995 424 3054 transsata,
434 2996 560 3064 diligenter
571 3000 692 3050 eriomnta.
774 2998 815 3046 59.
832 2995 921 3046 Primos
934 2999 1030 3063 gradus,
1042 2995 1136 3048 scilieet
1148 2994 1241 3054 amoris,

192 3069 269 3120 Valde
280 3077 361 3120 autern
372 3071 446 3122 afficit
457 3073 546 3124 animoa
553 3073 692 3140 legentium.
742 3069 807 3136 qnod
815 3069 881 3120 band
889 3071 962 3121 dubia
969 3069 1196 3137 subintelligendum
1205 3081 1242 3120 eat

193 3147 262 3196 AEtaa
276 3146 417 3206 ammtiurn,
428 3157 508 3198 eastun
522 3165 603 3200 eorum
614 3166 689 3210 amor,
741 3161 835 3196 eversu
851 3145 969 3213 sequenti,
980 3145 1026 3196 nisi
1042 3145 1113 3196 malie
1122 3161 1176 3196 cum
1187 3145 1241 3196 aliia

191 3219 289 3270 duritiae
296 3223 691 3289 parentumerrorquotrabnntnr,
742 3222 848 3270 notitiam
865 3225 989 3284 primosque
1005 3223 1094 3287 gradu
1111 3237 1154 3287 per
1173 3221 1240 3270 Hen-

180 3295 268 3344 'tn'atea
283 3293 388 3362 deniqne
401 3311 482 3346 eorum
492 3297 692 3356 altumaltum
741 3293 831 3362 dltdyn
847 3310 974 3362 eiposserea
990 3295 1078 3362 primo!
1095 3291 1183 3361 ss'sstlfls
1200 3311 1241 3344 ¹¹⁰-

191 3367 271 3418 nlent
295 3369 327 3418 ed
353 3371 548 3420 eommovendnm
576 3373 690 3423 animam
741 3369 808 3420 titio.

192 3444 280 3494 Omnia
296 3443 358 3493 inter
377 3460 403 3495 ee
418 3445 553 3510 eonrpirant
570 3447 602 3497 nd
620 3447 691 3498 fldem
773 3446 814 3494 60.
841 3444 1047 3501 Tede-euitrent,
1066 3443 1241 3494 matrimonium

190 3517 413 3584 nolentemque
424 3519 456 3568 ad
467 3527 557 3569 naturae
567 3522 691 3572 veritatem
741 3533 836 3584 quoqne
846 3517 961 3567 iniiaaem.
993 3517 1056 3568 suia
1066 3516 1130 3568 enim
1147 3517 1238 3573 uollrm,

191 3605 315 3657 moraeque
324 3593 454 3642 amantium
464 3601 548 3642 notata
557 3603 620 3644 eunt.
741 3591 767 3642 in
777 3591 866 3660 nuptiis
875 3591 952 3641 tradas
960 3591 1065 3658 preferri
1076 3591 1157 3643 solitae
1167 3605 1238 3657 apon-

222 3668 264 3716 5⁷.
283 3666 514 3732 contignationem]
533 3669 690 3720 Exboevar.
740 3665 782 3715 aia.
815 3665 879 3716 Hine
897 3667 955 3715 teda
970 3664 1048 3732 poetis
1061 3665 1093 3715 de
1107 3663 1165 3732 ipris
1179 3681 1239 3731 nup·

190 3741 393 3808 neapponatis
406 3740 612 3794 domoebabniare
626 3761 690 3795 eom·
740 3741 788 3799 tiia,
800 3740 831 3791 da
847 3743 898 3808 ipro
914 3740 1062 3791 matrimonio
1078 3738 1111 3789 ix.
1122 3741 1185 3802 7213
1201 3757 1240 3789 xv.

190 3831 287 3865 munem
303 3815 427 3882 parietem,
440 3833 508 3882 quae,
523 3819 564 3884 qui
580 3818 691 3870 distinete
740 3817 796 3865 826.
831 3817 943 3874 coirent
956 3813 1167 3880 ooolpxrodaude
1183 3831 1238 3864 eon·

190 3891 255 3957 loqui
273 3889 365 3947 volunt,
381 3893 502 3941 contineor
522 3893 600 3958 (quod
619 3893 690 3943 etiam
736 3889 842 3956 jugibus.
877 3891 933 3940 Janr
944 3883 1038 3938 omnent
1045 3891 1106 3952 juro
1120 3891 1181 3938 tede
1192 3889 1240 3938 l'ere

189 3966 216 4015 b.
226 3965 324 4016 teatin
334 3965 404 4016 Varr.
415 3965 488 4030 leet.)
500 3975 541 4017 ant
551 3971 692 4018 continenter
740 3963 830 4014 dietum
841 3972 886 4022 est·
898 3975 925 4013 nt
934 3963 993 4014 ibid·
1007 3965 1045 4014 ¹5·
1055 3967 1140 4013 Μαῖα
1147 3963 1240 4030 svlm

190 4039 281 4090 dieunt.
316 4040 435 4106 Contigm
452 4042 517 4090 enim
535 4051 577 4091 ant
595 4045 691 4108 attigua
740 4039 909 4097 leottetinlra
923 4038 964 4088 rii.
976 4041 1032 4088 403.
1045 4039 1140 4088 thalami
1149 4040 1241 4108 fodere

189 4116 308 4164 enetiam
316 4114 364 4164 diei
375 4116 691 4181 puerunt,qnnaeinvieem
731 4117 828 4180 jungit.
862 4113 921 4162 Roa.
941 4111 1066 4163 Schirach.
1086 4111 1127 4162 bie
1148 4111 1239 4179 aliquid

187 4189 317 4254 attingunt.
350 4189 404 4238 Hoc
420 4203 485 4239 nune
504 4199 611 4256 prestat,
631 4191 689 4257 quia
739 4187 976 4253 bumanipaearneet.
1009 4185 1241 4247 Quumeuimverba

189 4263 306 4312 mortib.
316 4261 412 4312 dernum
425 4272 541 4321 monetur,
552 4263 597 4314 ha'a
606 4264 689 4315 domne
738 4265 774 4315 ita
786 4263 905 4329 jungeret,
916 4263 978 4311 tede
988 4279 1075 4326 quoqne
1090 4264 1192 4322 ommno,
1203 4263 1240 4312 id-

167 4351 325 4388 umaeos
338 4337 578 4398 parietemhabuiare.
611 4341 690 4389 Altum
739 4354 787 4408 qno
794 4341 863 4401 jura,
874 4335 925 4385 lieri
941 4335 1006 4386 haud
1022 4345 1122 4402 poterat.
1132 4335 1191 4402 quin
1207 4335 1239 4386 ad

187 4411 307 4460 maduo
327 4413 409 4460 mutia.
442 4411 584 4477 Babylonia,
603 4413 691 4463 Juven.
740 4411 958 4480 interpretationem
972 4411 1120 4461 durissimam
1137 4409 1239 4460 deferre·

188 4483 620 4552 mlll.aneatnrofignlio·maotto.
652 4488 689 4537 Si·
741 4499 793 4548 tnr;
811 4489 879 4537 tedae
890 4484 953 4536 eninr
963 4485 994 4535 de
1004 4501 1082 4536 amore
1094 4485 1189 4550 accipit,
1198 4485 1238 4550 qni

186 4557 276 4608 uiliter
286 4565 313 4606 et
322 4559 410 4608 Noater
418 4575 473 4609 earn
482 4559 689 4626 circumloquium
740 4577 766 4611 ae
777 4559 936 4627 conjunxisset
943 4560 1007 4626 jure.

186 4633 242 4698 ejua
251 4633 316 4682 eninr
330 4633 432 4684 maxime
443 4635 607 4688 memorabiles
617 4639 688 4696 marri,
773 4637 813 4686 61.
832 4637 914 4684 Patres
927 4645 1019 4702 pausent
1031 4651 1081 4684 ease
1093 4633 1187 4684 omnino
1197 4649 1240 4700 pa·
