3526 6018
484 793 549 858 106
777 787 816 854 Ρ.
842 787 1004 855 0v1n11
1029 787 1241 857 NASONIS

484 968 631 1066 Sponte
662 989 731 1039 sue
757 963 925 1064 peperit3
955 974 1157 1064 postquam
1184 955 1292 1042 vetus
1320 968 1454 1043 humor
1480 971 1528 1044 ab

482 1083 676 1158 Percaluit
694 1081 812 1170 Solis,
825 1105 1051 1180 coenumque
1066 1083 1227 1180 udaeque
1245 1085 1402 1182 paludes
1425 1085 1529 1182 [igne

480 1199 698 1274 Intumuere
717 1211 832 1289 aestu3
861 1181 1100 1298 fecundaque
1119 1203 1264 1275 semine
1279 1225 1417 1290 rerum,

481 1315 612 1390 Vivaci
630 1315 770 1392 nutrita
788 1318 880 1404 sole,
899 1341 969 1392 eeu
988 1317 1116 1391 matris
1134 1317 1173 1391 in
1192 1320 1274 1392 alvo
1454 1324 1529 1394 420

481 1433 702 1521 Creverunt,
722 1432 934 1533 faciemque
949 1434 1116 1533 aliquem
1132 1459 1269 1534 cepere
1284 1437 1476 1510 morando.

481 1549 627 1623 Sicubi
645 1551 813 1625 deseruit
829 1551 1000 1626 madidos
1019 1553 1265 1652 septemfluus
1284 1577 1395 1650 agros

480 1665 604 1753 Nilne,
624 1677 663 1740 et
679 1665 834 1764 antiquo
851 1692 921 1742 sue
937 1667 1093 1742 flumina
1109 1668 1274 1743 reddidit
1291 1670 1410 1756 alveo,

479 1781 725 1880 AEtherioque
743 1805 874 1858 recens
892 1783 1036 1858 exarsit
1053 1783 1177 1859 sidere
1193 1785 1307 1859 limus
1322 1813 1331 1874 ;

478 1897 649 1972 Plurima
665 1900 828 1974 cultores
841 1899 959 1972 versis
976 1899 1152 1974 animalia
1169 1901 1290 1998 glebis
1451 1905 1525 1976 425

479 2014 700 2108 Inveniunt3
715 2017 1046 2115 etinbisquaedam
1054 2018 1166 2092 modo
1176 2027 1313 2117 coepte,
1322 2017 1393 2091 sub
1402 2017 1525 2116 ipsum

476 2307 565 2356 genera
580 2292 662 2350 sic,'ut
675 2291 715 2342 bic
732 2291 881 2350 describitur,
893 2309 906 2342 e
920 2292 978 2342 limo
1027 2311 1058 2342 oo
1069 2309 1155 2350 mom,
1165 2293 1241 2359 prima
1251 2291 1386 2342 animalium
1398 2291 1511 2342 stamina.

475 2366 632 2434 pmrapsisue5
650 2376 794 2434 poetearero
802 2377 977 2434 terram,quuon
1059 2369 1117 2418 420.
1138 2369 1216 2426 Vtrae,
1234 2368 1259 2416 b.
1275 2367 1292 2417 1.
1307 2368 1371 2432 quod
1382 2367 1457 2416 vitam
1475 2365 1528 2415 dut.

474 2439 628 2499 induruisset,
656 2458 702 2491 oon
729 2442 830 2509 amplius
855 2442 977 2492 suffecisse
1027 2443 1092 2492 Raro
1106 2444 1140 2493 ita
1155 2441 1267 2492 occurrit.
1299 2443 1372 2491 Terra
1386 2449 1467 2490 autem
1483 2441 1527 2490 bu·

476 2515 601 2580 gignendis
611 2515 740 2582 majoribus
750 2516 900 2566 animalibus.
924 2517 975 2564 Ha·
1025 2531 1091 2566 more
1105 2516 1207 2583 quodum
1223 2515 1282 2565 lacti
1296 2515 1369 2565 simili
1388 2513 1462 2564 foetus
1474 2513 1529 2564 illos

475 2589 555 2638 buisee
566 2599 646 2639 summ
657 2605 710 2639 earn
720 2589 778 2640 olim
788 2589 850 2640 benc
861 2589 910 2638 vim
923 2607 976 2655 pro·
1025 2591 1104 2641 elebat
1115 2607 1144 2640 ex
1156 2597 1235 2639 urente
1247 2590 1340 2638 Lucret.
1351 2588 1376 2638 d.
1386 2586 1406 2636 1.
1414 2587 1454 2638 Cf.
1465 2590 1524 2638 Lac-

476 2664 566 2714 babant
580 2665 644 2721 inde,
655 2666 719 2730 quod
732 2674 784 2732 poet
797 2664 976 2715 inundationem
1026 2671 1087 2714 tant.
1097 2663 1176 2713 Iustit.
1186 2663 1214 2712 ii.
1228 2664 1268 2712 ll.

476 2737 537 2796 Nili,
546 2755 576 2788 ex
586 2737 643 2787 limo
653 2739 770 2789 calefacto
781 2739 891 2804 giguntur
900 2739 976 2788 iucre-
1059 2739 1115 2787 421.
1143 2737 1236 2786 Faciem
1250 2739 1359 2801 aliquan,
1373 2735 1471 2784 formam
1486 2751 1527 2784 ex·

474 2809 664 2862 dibilismurium
672 2812 977 2879 multitudedequibusci.
1026 2829 1130 2880 pressam
1150 2812 1260 2862 animalis
1278 2809 1416 2877 cujusdam:
1447 2811 1527 2859 Homi-

475 2885 586 2936 Mocrob.
595 2888 681 2935 Saturn
689 2886 730 2935 vii.
740 2888 780 2935 16.
788 2895 812 2937 et
823 2887 907 2952 Pomp.
915 2886 976 2936 Mel.
1026 2891 1063 2937 nis
1062 2889 1152 2953 sociem
1160 2903 1247 2936 eum
1257 2893 1301 2942 est,
1312 2884 1353 2934 rii.
1367 2885 1421 2934 126.

475 2958 497 3007 1.
515 2959 548 3008 ix.
561 2963 603 3009 26.
637 2960 717 3009 Etiam
733 2961 834 3010 Aristot.
850 2961 885 3008 H.
896 2960 930 3009 A.
944 2961 975 3010 V.
1059 2963 1116 3012 422.
1132 2962 1282 3026 Septerrtflaus
1301 2957 1392 3024 Nilne]
1412 2957 1526 3023 Exemplo

478 3036 517 3083 19.
527 3035 615 3100 placet,
628 3035 693 3084 nasci
709 3033 821 3084 animalia
835 3051 865 3083 ex
877 3050 941 3099 equa
951 3043 976 3084 st
1025 3036 1140 3094 declarat,
1162 3035 1254 3100 reliqua
1279 3033 1392 3084 mimalia
1412 3049 1441 3083 ex
1465 3040 1527 3082 terre

474 3108 531 3157 solis
544 3110 630 3165 calore,
641 3117 711 3158 rento
722 3109 860 3176 adjuvante.
891 3109 975 3159 Talem
1024 3120 1109 3178 sponte
1125 3111 1197 3162 tuisse
1212 3106 1525 3170 orta;Niluseuten1flo-

475 3182 660 3247 pmereetiouem
669 3183 781 3234 describit
790 3183 885 3234 Lucret.
893 3201 918 3233 r.
927 3185 975 3234 793
1025 3186 1086 3244 vius,
1096 3185 1196 3251 siugulis
1206 3185 1340 3251 quibusque
1354 3183 1421 3232 annis
1432 3185 1525 3248 AEgyp-

475 3257 570 3317 -elo;
597 3272 668 3321 quem
690 3257 735 3307 loc.
756 3273 811 3306 cum
833 3257 877 3306 boe
897 3267 976 3308 nostm
1025 3269 1077 3310 tum
1092 3260 1219 3316 inundans,
1233 3258 1371 3308 foecundam
1388 3273 1434 3306 non
1450 3257 1525 3306 solum

474 3331 591 3380 conteres.
623 3333 710 3398 Neque
727 3331 813 3380 mirum
829 3341 874 3391 est,
890 3333 977 3398 cupide
1026 3335 1204 3391 inmensorum,
1226 3332 1269 3382 sed
1291 3331 1407 3382 ranorum
1431 3347 1526 3396 quoque

474 3405 588 3454 Nostrum
599 3405 651 3455 bac
659 3405 792 3472 arripuisse,
802 3405 878 3472 iisque
893 3407 975 3457 immo·

473 3487 552 3536 ratum
561 3495 622 3537 esse,
635 3481 666 3530 ad
676 3480 793 3545 Pythonis
805 3480 918 3546 originem
935 3496 975 3530 ex·

473 3554 624 3620 pediendam,
636 3571 708 3621 quem
724 3555 765 3604 alii
775 3563 867 3604 tanturn
878 3556 975 3621 terrige-

474 3645 531 3680 nam
541 3639 635 3680 vocent.
657 3631 757 3680 Diversis
766 3622 877 3680 orrimotr'o
882 3631 976 3696 formis,

474 3703 568 3754 diverse
594 3704 733 3754 animalium
759 3721 854 3770 genera,
877 3721 976 3769 quorum

473 3778 601 3829 discrimen
612 3779 696 3846 forma
713 3778 816 3828 maxime
837 3779 864 3828 fit
882 3778 976 3844 conspi-

474 3867 556 3902 cuum.

507 3929 564 3976 417.
581 3929 664 3990 &onte
678 3945 728 3977 nro.
751 3927 807 3976 Sine
822 3927 911 3978 semina
925 3927 976 3976 ani-

473 4001 539 4058 mali,
549 4017 593 4050 nee
609 4001 771 4052 intercedente
785 4017 856 4067 opera
867 4002 915 4051 Dei
931 4010 974 4052 aut

472 4074 575 4124 bominis
585 4075 697 4142 alicujus.
733 4075 802 4124 Vetas
811 4077 899 4134 humor,
910 4092 974 4142 aqua

474 4149 505 4199 ub
515 4150 627 4206 eluvione
640 4151 665 4199 in
677 4151 735 4200 iocis
744 4151 861 4217 depressis
875 4151 972 4200 relicte:

473 4227 502 4272 ob
510 4239 607 4273 causam
623 4224 741 4290 exprimit,
751 4241 794 4290 per
804 4241 875 4290 quum
890 4225 917 4274 tit
930 4224 974 4273 uli·

474 4297 542 4362 quid,
557 4306 585 4348 ut
603 4313 658 4348 mox
676 4300 732 4348 431.
749 4299 781 4348 iv.
799 4301 855 4348 282.
873 4309 931 4348 sous
947 4301 976 4348 ob

507 4449 563 4496 419.
581 4447 722 4496 intumuere.
754 4447 836 4496 Veluti
863 4447 973 4498 mulieres

404 4549 407 4558 ν
473 4522 587 4586 gravide.
624 4520 715 4570 Eadem
746 4521 900 4586 comparatio,
928 4521 972 4572 vii.

477 4598 532 4645 1¹26.
551 4604 576 4644 et
593 4595 686 4644 Lucret.
706 4611 729 4642 v.
747 4597 796 4644 80⁶
816 4612 870 4660 sqq.
890 4613 973 4645 mesce-

473 4673 529 4720 beot
540 4675 601 4721 uteri
610 4680 676 4720 terre
686 4671 802 4720 reditibus
812 4673 869 4733 opti.
902 4671 972 4719 Serri-

1026 3407 1164 3458 suimaliunr
1182 3423 1236 3457 earn
1251 3405 1337 3456 reddit.
1369 3405 1527 3472 Septemfluus

1025 3483 1113 3533 idcirco
1127 3481 1214 3531 dicitur
1227 3481 1292 3547 quod
1309 3487 1400 3546 septem
1417 3478 1483 3528 ostiis
1500 3479 1526 3528 in

1026 3573 1091 3606 mare
1111 3555 1220 3622 erumpit.
1254 3555 1350 3611 Noster,
1367 3554 1410 3602 lib.
1427 3569 1450 3601 v.
1469 3555 1523 3602 187.

1023 3633 1165 3695 septemplex,
1183 3638 1207 3680 et
1223 3629 1292 3694 Virg.
1309 3628 1407 3678 AEneid.
1422 3628 1454 3676 vi.
1470 3629 1526 3676 800.

1024 3709 1216 3772 septemgernimu.
1249 3705 1454 3769 Antiquo,quem,
1470 3709 1526 3750 unta

1025 3780 1212 3836 inundationem,
1222 3779 1375 3844 sequebatur.
1408 3776 1471 3826 Vide
1484 3793 1524 3825 su-

1025 3872 1068 3921 pra
1077 3856 1117 3905 ad
1134 3871 1182 3904 rer.
1198 3856 1252 3904 116.
1275 3853 1360 3919 Pomp.
1372 3852 1449 3909 Mela,
1460 3851 1481 3902 1.
1491 3851 1525 3900 ix.

1026 3932 1066 3980 ³2.
1082 3932 1123 3978 obt
1135 3929 1206 3978 Nitor
1215 3929 1405 3978 seritirsddr'dit.

1055 4004 1112 4052 ent.
1122 4003 1253 4068 AEtberimo
1265 4005 1336 4050 sidus.
1354 4001 1395 4050 Sol
1405 4002 1430 4050 iu
1437 3998 1525 4050 ethere

1022 4093 1160 4144 suspensus.
1169 4077 1252 4142 Eurip.
1263 4077 1351 4125 Electr.
1360 4077 1418 4124 466.
1425 4075 1522 4140 ἄστρων

1023 4151 1122 4218 αἰθέριοι
1143 4151 1221 4216 χοροί.
1253 4151 1342 4206 Limus,
1364 4164 1437 4222 mrem
1455 4146 1525 4198 Nilus

1024 4241 1054 4277 ex
1065 4226 1190 4292 AEthiopin
1200 4241 1281 4274 secum
1291 4226 1346 4274 sert.
1367 4224 1423 4274 Vid.
1434 4225 1524 4274 Seneca

1026 4301 1087 4350 Nat.
1100 4303 1192 4360 Quart.
1202 4298 1235 4349 iv.
1246 4300 1272 4348 2.

1058 4376 1115 4426 426.
1144 4373 1290 4438 reumont]
1316 4372 1446 4439 Disputnnt
1467 4372 1524 4420 Iutt.

1023 4448 1086 4500 uude
1120 4448 1243 4514 pendeant
1274 4448 1348 4498 verba
1380 4450 1422 4496 sub
1453 4449 1525 4510 ipsam

1023 4527 1131 4574 werdt
1159 4525 1265 4586 mutium.
1305 4521 1441 4572 Referenda
1470 4529 1525 4571 sunt

1023 4599 1054 4649 ed
1076 4598 1141 4649 verb.
1161 4601 1300 4656 inveniann
1317 4598 1352 4647 sic
1372 4597 1439 4647 nulle
1460 4596 1520 4646 diffi-

1023 4673 1108 4722 cultae.
