3512 6010
430 775 904 844 METAMORPHOSEON
928 767 1020 844 LIB.
1045 777 1075 842 l.

1207 780 1270 880 1³1

226 947 341 1024 Naias
359 976 436 1028 una
452 951 534 1027 suit.
579 952 616 1028 N
617 954 770 1053 ymphae
790 952 955 1052 Syringa
971 953 1168 1028 uocabant.

225 1065 260 1140 N
263 1091 313 1140 on
330 1070 449 1145 semel
468 1081 507 1144 et
526 1068 689 1169 Satyros
702 1070 867 1145 eluserat
883 1069 948 1144 illa
965 1080 1181 1168 sequentes,

224 1181 274 1256 Et
291 1208 555 1284 quoscumque
573 1186 677 1260 Deos
692 1187 915 1261 umbrosave
933 1185 1037 1272 silva,
1056 1184 1209 1260 feraxve
1231 1242 1232 1245 ,

225 1299 306 1376 Rus
325 1303 453 1378 habet.
500 1303 699 1403 Ortygiam
718 1302 867 1390 studiis,
886 1303 1045 1402 ipsaque
1063 1302 1212 1376 colebat

224 1416 449 1516 Virginitate
463 1421 607 1496 Deam:
628 1421 703 1495 ritu
717 1445 871 1521 quoque
888 1420 1015 1495 cincta
1029 1418 1161 1493 Dieuae
1196 1422 1270 1519 695
1335 1445 1340 1454 ·

225 1533 400 1626 Falleret,
420 1538 579 1646 etpcredi
596 1549 728 1638 posset
746 1536 915 1625 Latonia,
935 1536 966 1610 si
985 1560 1060 1610 non

225 1650 397 1730 Corneus
415 1656 503 1729 huic
522 1678 644 1743 arcus,
660 1655 692 1728 si
710 1679 786 1729 non
803 1654 899 1729 foret
916 1676 1052 1728 aureus
1071 1650 1125 1723 illi
1143 1675 1151 1724 :

226 1767 290 1843 Sic
309 1795 465 1871 quoque
482 1772 660 1849 fallebat:
690 1773 911 1848 redeuntem
928 1771 1026 1844 colle
1044 1767 1171 1866 Lyceo

226 1882 307 1961 Pan
323 1888 427 1962 videt
443 1889 553 1977 hanc,
568 1890 737 1989 pinuque
752 1899 868 1988 caput
884 1886 1110 1987 praecinctus
1129 1892 1252 1971 acuta,

225 2001 332 2077 Talia
344 2003 622 2082 verberefert.'’
661 2005 849 2082 Restabat
866 2005 981 2080 verba
997 2001 1156 2090 referre3
1183 2005 1272 2094 ,700

226 2254 295 2304 Orac.
306 2255 355 2305 del.
370 2273 394 2322 p.
406 2257 462 2306 ⁴15.
496 2257 649 2316 Nonacrinae,
667 2273 721 2324 que
772 2255 869 2322 χρύσια
895 2255 974 2312 retu:
1001 2255 1100 2304 Homer.
1127 2252 1152 2302 b.
1181 2253 1219 2301 ll.
1246 2252 1272 2302 iu

225 2326 394 2380 iuNouacriuo
402 2339 624 2381 monteversautur.
641 2332 721 2382 Nune·
772 2331 846 2382 Dian.
866 2334 902 2392 ὃς
930 2327 1017 2394 virgil.
1037 2327 1135 2378 AEueid·
1155 2328 1189 2376 xi.
1209 2327 1270 2377 652.

224 2404 276 2458 crta,
291 2403 407 2469 oppidum
421 2407 447 2454 bt
462 2421 530 2456 moue
541 2407 662 2465 Arcadia,
674 2425 722 2458 uon
771 2408 864 2472 Magna
881 2413 960 2456 autern
976 2403 1002 2453 iu
1018 2403 1055 2452 bie
1072 2403 1192 2469 Nympha
1206 2417 1272 2474 cour·

225 2477 304 2542 procul
322 2494 338 2528 a
352 2479 451 2530 Ladone
466 2480 551 2531 fluvio:
569 2481 633 2532 Pliu.
644 2483 677 2532 ll.
688 2485 721 2533 Ν.
772 2479 900 2532 mendatio.
926 2478 1054 2530 Claudiae.
1064 2478 1106 2528 35.
1117 2477 1158 2527 39.
1171 2475 1201 2526 de
1213 2477 1272 2526 Pro·

224 2551 315 2602 11169.
771 2556 879 2622 eerpina:
897 2555 980 2603 Potuit
995 2555 1070 2603 cidari
1081 2553 1172 2610 Pullus,
1187 2555 1208 2601 η’
1221 2554 1271 2616 cly-

256 2629 311 2678 691.
319 2629 441 2696 Syringa]
453 2631 484 2680 Et
491 2631 578 2697 Syrius
585 2640 610 2682 et
620 2632 721 2700 Syringa
769 2647 845 2694 pertua,
855 2629 956 2696 adferret
966 2630 1063 2691 spicula.

225 2701 249 2750 iu
267 2719 327 2753 usu:
350 2703 406 2754 vide
426 2706 540 2756 Muuler.
560 2705 591 2755 ad
611 2707 722 2757 Lactaut.
804 2705 861 2754 699.
875 2701 1068 2762 Paeonum
1078 2701 1154 2758 Deua,
1169 2701 1271 2766 Lyceum

227 2778 323 2842 Argum.
334 2777 418 2828 b.r'ub.
772 2774 1193 2846 inprimieetMeualum,Arcadire
1203 2792 1270 2825 muu-

255 2853 311 2901 692.
332 2852 584 2918 Eturerut.],llludere
602 2851 722 2918 eleg-autu
771 2863 817 2912 tes,
839 2853 943 2902 incolere
970 2851 1124 2902 credebamus
1152 2850 1272 2901 Theocrit.

225 2923 342 2982 dicuutur,
355 2929 397 2991 qui
412 2942 482 2977 cursu
497 2927 662 2993 celeriutper
680 2943 723 2977 au·
772 2928 810 2978 Id.
831 2928 848 2978 i.
873 2929 936 2989 12³;
963 2925 1051 2990 virgil.
1074 2926 1164 2990 Georg.
1184 2925 1201 2974 i.
1224 2927 1271 2987 163

226 2998 722 3053 tucmuubunrunviii.687.1’hsdr.1.
772 3004 856 3052 Horat.
866 3001 912 3050 lv.
922 3000 971 3050 Od.
982 2999 1024 3048 xii.
1054 2997 1094 3048 Ibi
1107 2999 1211 3050 babebat
1227 3016 1271 3050 au-

225 3072 272 3122 lab.
283 3073 326 3123 xii.
336 3077 367 3124 9:
385 3077 511 3125 carnotena
523 3077 595 3126 Cunus
605 3078 681 3126 eleut.
770 3087 814 3134 tra,
826 3077 852 3126 in
870 3075 958 3142 quibua
972 3090 987 3123 a
1003 3074 1129 3124 venatione
1144 3074 1219 3124 leaena
1233 3091 1271 3124 re-

255 3151 312 3198 694.
325 3150 469 3216 Ortygium]
487 3151 601 3208 Dianam,
612 3167 721 3217 quam·
769 3153 857 3201 cubare
875 3150 982 3199 solebat:
1001 3149 1097 3198 Callim.
1112 3147 1136 3198 h.
1153 3147 1226 3198 Dian.
1237 3149 1270 3198 97

225 3223 327 3272 cundum
339 3224 439 3274 Homer.
449 3225 474 3274 b.
485 3227 569 3292 Apoll.
580 3225 629 3275 xvi.
643 3227 669 3276 iu
684 3227 721 3276 iu·
769 3242 823 3293 sqq.
845 3225 917 3274 Saura
938 3223 960 3273 ei
979 3233 1030 3273 erat
1046 3226 1123 3287 pinus,
1140 3223 1223 3282 πίτυς,
1238 3223 1271 3274 ai·

224 3298 274 3346 sula
290 3298 393 3364 Ortygia
408 3309 466 3350 nata
480 3300 626 3359 credebatur,
637 3316 720 3366 quem-

225 3372 351 3446 admodurn
362 3373 450 3440 Apollo
465 3375 490 3424 iu
503 3375 577 3425 Delo.
604 3375 654 3424 Alii
664 3393 720 3426 vero

225 3449 313 3504 ruluut,
336 3449 436 3507 Delum,
458 3449 484 3499 in
510 3465 559 3516 qua
577 3451 671 3500 latona
696 3458 722 3500 et

225 3522 327 3572 Dianam
345 3533 371 3573 et
384 3524 523 3590 Apollinem
539 3525 611 3574 enixa
623 3525 662 3584 ait,
673 3525 721 3576 alio

226 3597 316 3646 nomine
333 3597 459 3663 Ortygiam
475 3615 527 3650 ease
543 3599 647 3650 dicum:
666 3599 721 3651 vide

225 3671 350 3736 spanhem.
361 3673 393 3722 ad
408 3669 504 3722 Gallim.
516 3674 540 3723 h.
551 3674 633 3741 Apoll.
643 3677 684 3724 69.
696 3684 722 3726 at

226 3745 346 3797 mures.
379 3747 475 3806 Studiis,
486 3739 626 3810 venatione,
643 3752 721 3800 neate

225 3819 285 3868 euim
296 3821 352 3870 vitae
362 3837 446 3887 genua,
457 3822 521 3888 quod
535 3823 589 3888 quie
599 3823 645 3872 ribi
654 3823 720 3874 dele-

224 3893 323 3960 ginquu
333 3895 447 3946 uehitur:
464 3898 592 3948 utum.
619 3898 719 3956 Colebut,

225 3967 366 4027 imitabatur,
375 3969 455 4036 inquo
464 3987 540 4036 genua
549 3971 637 4021 uultur.
656 3972 720 4036 lpu-

769 3303 850 3351 rnilem
870 3301 901 3351 ob
921 3315 1027 3354 causan
1047 3300 1077 3348 ob
1097 3313 1169 3364 quarn
1190 3299 1271 3350 laurus

769 3375 884 3442 Apollini.
921 3375 989 3442 Pitye
1010 3373 1073 3424 enirn
1094 3381 1119 3423 et
1139 3373 1269 3445 ipsavoliur

770 3450 852 3517 puelle
869 3451 955 3507 lucrat,
972 3464 1045 3513 quarn
1064 3457 1184 3497 amaverat
1201 3448 1267 3498 Pan:

771 3525 820 3575 rid.
830 3524 952 3596 Bmuclb.
962 3522 1141 3588 adl'rupert.1.
1153 3522 1217 3572 xviii.
1228 3523 1270 3573 70.

771 3602 857 3666 ltaque
867 3607 940 3665 caput
948 3598 1092 3666 precingere
1101 3598 1193 3647 solebat
1201 3601 1270 3660 plau,

771 3675 795 3724 b.
807 3692 829 3725 e.
846 3673 968 3723 frondibus
987 3671 1072 3738 pineis,
1088 3687 1175 3720 corona
1190 3669 1270 3736 pinea,

771 3750 835 3817 quod
850 3759 875 3800 et
892 3748 968 3798 Fauni
987 3747 1066 3796 lacere
1081 3746 1201 3795 solebant:
1219 3746 1269 3796 He·

770 3825 830 3874 roid.
845 3843 871 3875 v.
890 3825 946 3874 1³7.
974 3823 1080 3874 Vocatur
1098 3831 1176 3878 uctttu,
1195 3821 1268 3872 etiarn

770 3899 846 3950 Aa.
857 3899 950 3948 11424.
966 3913 982 3948 a
996 3898 1079 3948 lurnra.
1111 3897 1151 3946 Ita
1166 3906 1190 3946 et
1207 3896 1269 3946 infra

770 3991 887 4039 ueprmur
907 3983 984 4023 ucutu.
1025 3973 1069 4022 Eat
1095 3980 1177 4022 autem
1199 3974 1270 4035 pinus

225 4059 272 4104 pu,
282 4051 356 4110 atque
366 4045 441 4095 adeo:
459 4061 531 4112 supra
538 4063 587 4098 aar.
598 4047 647 4096 476
658 4065 663 4095 :
678 4047 719 4098 le-

225 4129 297 4180 auptae
306 4121 389 4168 emula
401 4120 499 4172 Paete

255 4193 310 4244 696.
335 4193 535 4260 urm-oum]
560 4197 637 4261 Supra
656 4211 719 4261 genu

225 4267 299 4318 cincta
315 4281 382 4318 erat:
400 4268 456 4319 vide
472 4270 562 4338 Spaub.
576 4270 609 4320 ed
622 4269 720 4321 callim.

226 4339 249 4389 b.
260 4341 333 4392 Dian.
343 4343 376 4392 xi.
386 4344 444 4394 212.

254 4418 309 4467 696.
328 4417 454 4483 Fulmen]
474 4419 503 4467 lu
513 4435 542 4476 eu
556 4421 656 4469 multum
667 4421 719 4469 luu-

771 4050 833 4114 (qua
857 4047 908 4114 ipse
929 4047 1019 4112 Lycum
1045 4046 1192 4104 abundabat,
1218 4063 1269 4098 rer.

770 4121 832 4185 217)
843 4122 869 4170 h.
879 4122 896 4170 l.
907 4120 1031 4170 silvestris.
1061 4119 1210 4178 Precr’nutur,
1221 4121 1270 4170 xiv.

769 4196 833 4246 6³82
852 4196 927 4244 Pensa
935 4212 1021 4244 cernue
1028 4197 1147 4258 mucium
1157 4197 1223 4256 pinu.

801 4270 858 4319 700.
880 4269 983 4335 Κεῖαι]
1011 4270 1068 4320 Pon
1092 4269 1165 4336 rasere
1188 4269 1269 4336 inepte

769 4343 825 4394 olim
844 4344 898 4392 hec
912 4346 992 4394 uerba
1012 4344 1100 4394 inserta
1118 4344 1268 4408 legebantur,

771 4419 822 4468 Titi
846 4420 931 4468 nubere
956 4419 1060 4482 Nympha
1087 4421 1182 4468 ualentis
1210 4419 1271 4468 Votis

223 4488 469 4543 d'u2v.udiii.182
503 4494 610 4543 [utente.
627 4493 717 4550 Diana,
769 4495 822 4542 cede
844 4493 898 4542 Dei.
943 4493 1052 4542 Restabat
1078 4495 1154 4542 verbu.
1186 4493 1268 4550 Quum

224 4563 317 4616 latona
331 4565 389 4615 filia.
770 4567 904 4616 Mercurius
925 4566 1033 4624 dixisset,
1055 4567 1121 4615 Tullo
1142 4568 1210 4615 verbu
1230 4584 1267 4616 re-

210 4647 225 4676 ·
252 4640 308 4691 697.
326 4641 438 4706 Auum]
464 4640 549 4691 Diana
567 4650 635 4694 eraut
653 4657 718 4708 παγ·
762 4640 826 4707 sert,
843 4641 893 4708 jam
912 4642 1086 4693 succubuerant
1107 4653 1189 4690 sorano
1205 4641 1269 4690 oculi
