3552 5984
942 791 973 854 iv

434 963 565 1040 siturus,
590 961 650 1026 Cu.
675 961 720 1026 G.
735 959 887 1039 Cuvtnn,
910 958 1028 1046 Regtae
1050 957 1231 1026 Galliarum
1249 959 1481 1028 Universitutis

433 1078 590 1158 columen,
606 1079 800 1145 Rostrortun
819 1078 931 1156 decus,
946 1077 1072 1143 Rerum
1088 1077 1298 1165 physicarum
1316 1081 1483 1166 sagacissi-

432 1221 503 1264 mus
522 1199 694 1286 indagator
709 1196 856 1264 simulet
872 1197 1033 1282 interpres
1049 1194 1288 1264 disertissimus.
1333 1197 1405 1276 Ille,
1417 1213 1480 1286 'pro

431 1339 491 1384 sus
506 1317 540 1382 in
557 1339 609 1382 me
626 1315 861 1394 benevolentia,
875 1317 1034 1382 concessit
1048 1314 1164 1395 libens,
1180 1327 1218 1382 ut
1236 1339 1311 1403 quoe
1322 1316 1371 1383 ·de
1385 1316 1482 1384 Dilu-

430 1436 491 1502 viis
518 1435 727 1517 disseruerat,
753 1436 915 1504 Ovidisno
940 1433 1061 1502 diluvio
1082 1436 1322 1521 praemitterem.
1368 1435 1480 1502 Laetus

431 1553 530 1642 igitur
552 1557 683 1634 insonti,
707 1567 742 1622 et
760 1555 889 1622 Gallico
914 1555 1055 1644 quidem,
1069 1566 1111 1621 'ut
1135 1556 1320 1641 conscripto
1340 1555 1480 1634 fuerant,

432 1695 596 1752 sermone3
618 1695 660 1739 ne
679 1673 758 1760 quid
774 1673 858 1740 forte
876 1663 1060 1740 detrimenti
1077 1673 1163 1739 inter
1179 1673 1412 1740 transeundum
1426 1687 1481 1739 'oo-

340 1857 345 1864 ,
430 1805 525 1878 peret
535 1815 644 1859 rerum
657 1795 715 1873 vis,
730 1803 787 1860 sut
798 1795 996 1860 concinnitas
1011 1795 1202 1874 verborum
1223 1815 1365 1880 gemmas
1379 1805 1480 1871 retus,

431 1935 516 1997 quae,
536 1909 588 1978 vel
610 1912 682 1998 ipso
704 1912 905 1978 translatoris
923 1911 1040 1990 halitu,
1062 1912 1188 1998 possint
1214 1911 1378 1978 infirsoari.
1413 1911 1480 1979 ·Sic

432 2031 588 2109 Bussort,
607 2011 734 2118 quoties
759 2032 939 2099 advocandi
958 2031 1060 2110 locus,
1086 2031 1161 2098 talis
1186 2033 1221 2098 in
1245 2055 1345 2120 opere
1368 2044 1479 2098 nostro

432 2148 566 2236 prodiit,
581 2160 615 2216 et
628 2151 784 2236 prodibit,
799 2149 903 2237 qualis
918 2149 1006 2233 olim,
1021 2175 1122 2240 quum
1135 2152 1273 2238 ponium
1286 2151 1429 2239 linguam
1440 2174 1481 2219 es

425 2259 597 2354 ¹majestate
617 2267 840 2355 amplificaret,
854 2273 928 2356 qu'ae
943 2292 1009 2336 non
1027 2270 1133 2356 imper
1147 2270 1250 2356 ipsius
1270 2280 1395 2336 noturae
1413 2292 1479 2338 ma·

425 2387 548 2474 jestati,
564 2388 706 2453 omnium
717 2407 875 2454 consensu
889 2387 1054 2458 celebrate
1066 2390 1100 2454 in
1114 2401 1270 2455 aeternum
1284 2389 1416 2476 vigebit.

355 2577 358 2581 ,
472 2505 536 2570 His
561 2505 661 2592 igitur
684 2507 833 2573 omnibus
858 2505 979 2586 fruere,
1004 2506 1107 2574 lector
1131 2509 1248 2588 emice3
1274 2517 1309 2574 et
1333 2519 1478 2574 nostrum

429 2647 523 2712 opus,
537 2635 575 2691 ut
591 2627 765 2712 occepisti,
780 2628 933 2695 continuo
952 2627 1061 2694 favore
1077 2627 1232 2713 excipias,
1245 2625 1343 2692 velim
1355 2636 1390 2694 ct
1404 2645 1478 2713 pre-

429 2757 495 2811 con
541 2743 636 2812 Vale.

1059 2981 1104 3046 N.
1129 2979 1173 3048 Ε.
1196 2975 1433 3052 LEMAJRE.
