<?xml version="1.0" encoding="UTF-8"?>
<!DOCTYPE html PUBLIC "-//W3C//DTD XHTML 1.0 Transitional//EN"
    "http://www.w3.org/TR/xhtml1/DTD/xhtml1-transitional.dtd">
<html xmlns="http://www.w3.org/1999/xhtml" xml:lang="en" lang="en">
 <head>
  <title>
</title>
<meta http-equiv="Content-Type" content="text/html;charset=utf-8" />
  <meta name='ocr-system' content='tesseract 3.04.00' />
  <meta name='ocr-capabilities' content='ocr_page ocr_carea ocr_par ocr_line ocrx_word'/>
</head>
<body>
  <div class='ocr_page' id='page_1' title='image "./opera01giergoog_0213.png"; bbox 0 0 3450 5998; ppageno 0'>
   <div class='ocr_carea' id='block_1_1' title="bbox 422 813 1259 884">
    <p class='ocr_par' dir='ltr' id='par_1_1' title="bbox 422 813 1259 884">
     <span class='ocr_line' id='line_1_1' title="bbox 422 813 1259 884; baseline 0.005 -4"><span class='ocrx_word' id='word_1_1' title='bbox 422 813 892 882; x_wconf 80' lang='lat' dir='ltr'>METAMORPHOSEON</span> <span class='ocrx_word' id='word_1_2' title='bbox 915 815 1007 881; x_wconf 89' lang='lat' dir='ltr'><strong>LIB.</strong></span> <span class='ocrx_word' id='word_1_3' title='bbox 1030 815 1080 884; x_wconf 92' lang='lat'>11.</span> <span class='ocrx_word' id='word_1_4' title='bbox 1194 819 1259 884; x_wconf 73' lang='lat' dir='ltr'>‘tot</span> 
     </span>
    </p>
   </div>
   <div class='ocr_carea' id='block_1_2' title="bbox 208 961 1257 1207">
    <p class='ocr_par' dir='ltr' id='par_1_2' title="bbox 208 961 1257 1207">
     <span class='ocr_line' id='line_1_2' title="bbox 208 961 1257 1098; baseline 0.003 -35"><span class='ocrx_word' id='word_1_5' title='bbox 208 988 332 1074; x_wconf 86' lang='lat' dir='ltr'>Quam</span> <span class='ocrx_word' id='word_1_6' title='bbox 347 1013 466 1088; x_wconf 92' lang='lat' dir='ltr'>quum</span> <span class='ocrx_word' id='word_1_7' title='bbox 480 990 642 1090; x_wconf 84' lang='lat' dir='ltr'>spinosis</span> <span class='ocrx_word' id='word_1_8' title='bbox 657 961 754 1088; x_wconf 87' lang='lat' dir='ltr'>ignis</span> <span class='ocrx_word' id='word_1_9' title='bbox 770 991 995 1091; x_wconf 83' lang='lat' dir='ltr'>supponitur</span> <span class='ocrx_word' id='word_1_10' title='bbox 1004 991 1130 1086; x_wconf 77' lang='lat' dir='ltr'>herbis</span> <span class='ocrx_word' id='word_1_11' title='bbox 1143 1019 1152 1081; x_wconf 89' lang='lat'>;</span> <span class='ocrx_word' id='word_1_12' title='bbox 1182 997 1257 1098; x_wconf 66' lang='lat'>810</span> 
     </span>
     <span class='ocr_line' id='line_1_3' title="bbox 210 1096 1255 1207; baseline 0.003 -27"><span class='ocrx_word' id='word_1_13' title='bbox 210 1105 303 1192; x_wconf 85' lang='lat' dir='ltr'>Quae</span> <span class='ocrx_word' id='word_1_14' title='bbox 335 1130 461 1203; x_wconf 89' lang='lat' dir='ltr'>neque</span> <span class='ocrx_word' id='word_1_15' title='bbox 490 1108 583 1181; x_wconf 91' lang='lat' dir='ltr'>dant</span> <span class='ocrx_word' id='word_1_16' title='bbox 609 1107 794 1194; x_wconf 80' lang='lat' dir='ltr'>flammae,</span> <span class='ocrx_word' id='word_1_17' title='bbox 819 1106 973 1205; x_wconf 89' lang='lat' dir='ltr'>lenique</span> <span class='ocrx_word' id='word_1_18' title='bbox 1007 1096 1144 1207; x_wconf 86' lang='lat' dir='ltr'>vapore</span> <span class='ocrx_word' id='word_1_19' title='bbox 1176 1132 1255 1183; x_wconf 91' lang='lat' dir='ltr'>cre-</span> 
     </span>
    </p>
   </div>
   <div class='ocr_carea' id='block_1_3' title="bbox 207 1235 1274 2956">
    <p class='ocr_par' dir='ltr' id='par_1_3' title="bbox 207 1235 1274 2956">
     <span class='ocr_line' id='line_1_4' title="bbox 359 1235 1008 1298; baseline -0.005 -1"><span class='ocrx_word' id='word_1_20' title='bbox 359 1235 520 1298; x_wconf 89' lang='lat' dir='ltr'>mantur.</span> <span class='ocrx_word' id='word_1_21' title='bbox 1005 1287 1008 1294; x_wconf 78' lang='grc'><strong><em>,</em></strong></span> 
     </span>
     <span class='ocr_line' id='line_1_5' title="bbox 209 1333 1153 1440; baseline 0.001 -26"><span class='ocrx_word' id='word_1_22' title='bbox 209 1341 321 1440; x_wconf 85' lang='lat' dir='ltr'>Saepe</span> <span class='ocrx_word' id='word_1_23' title='bbox 338 1341 433 1415; x_wconf 89' lang='lat' dir='ltr'>mori</span> <span class='ocrx_word' id='word_1_24' title='bbox 449 1333 577 1426; x_wconf 84' lang='lat' dir='ltr'>voluit,</span> <span class='ocrx_word' id='word_1_25' title='bbox 597 1365 645 1416; x_wconf 91' lang='lat' dir='ltr'>ne</span> <span class='ocrx_word' id='word_1_26' title='bbox 668 1340 877 1439; x_wconf 81' lang='lat' dir='ltr'>quidquam</span> <span class='ocrx_word' id='word_1_27' title='bbox 895 1343 972 1416; x_wconf 85' lang='lat' dir='ltr'>tale</span> <span class='ocrx_word' id='word_1_28' title='bbox 988 1341 1153 1416; x_wconf 89' lang='lat' dir='ltr'>videret:</span> 
     </span>
     <span class='ocr_line' id='line_1_6' title="bbox 209 1457 1111 1557; baseline 0.001 -27"><span class='ocrx_word' id='word_1_29' title='bbox 209 1457 333 1556; x_wconf 83' lang='lat' dir='ltr'>Saepe,</span> <span class='ocrx_word' id='word_1_30' title='bbox 352 1459 457 1531; x_wconf 88' lang='lat' dir='ltr'>velut</span> <span class='ocrx_word' id='word_1_31' title='bbox 474 1457 629 1546; x_wconf 83' lang='lat' dir='ltr'>crimen,</span> <span class='ocrx_word' id='word_1_32' title='bbox 650 1458 769 1555; x_wconf 90' lang='lat' dir='ltr'>rigido</span> <span class='ocrx_word' id='word_1_33' title='bbox 787 1481 936 1532; x_wconf 85' lang='lat' dir='ltr'>narrare</span> <span class='ocrx_word' id='word_1_34' title='bbox 954 1457 1111 1557; x_wconf 85' lang='lat' dir='ltr'>parenti.</span> 
     </span>
     <span class='ocr_line' id='line_1_7' title="bbox 208 1572 1255 1671; baseline -0.008 -23"><span class='ocrx_word' id='word_1_35' title='bbox 208 1573 386 1671; x_wconf 86' lang='lat' dir='ltr'>Denique</span> <span class='ocrx_word' id='word_1_36' title='bbox 403 1575 442 1647; x_wconf 94' lang='lat' dir='ltr'>in</span> <span class='ocrx_word' id='word_1_37' title='bbox 460 1575 616 1648; x_wconf 86' lang='lat' dir='ltr'>adverso</span> <span class='ocrx_word' id='word_1_38' title='bbox 633 1574 846 1648; x_wconf 84' lang='lat' dir='ltr'>venientem</span> <span class='ocrx_word' id='word_1_39' title='bbox 860 1573 992 1648; x_wconf 90' lang='lat' dir='ltr'>limine</span> <span class='ocrx_word' id='word_1_40' title='bbox 1010 1573 1108 1660; x_wconf 88' lang='lat' dir='ltr'>sedit</span> <span class='ocrx_word' id='word_1_41' title='bbox 1183 1572 1255 1647; x_wconf 78' lang='lat'>814</span> 
     </span>
     <span class='ocr_line' id='line_1_8' title="bbox 208 1687 1239 1790; baseline 0 -26"><span class='ocrx_word' id='word_1_42' title='bbox 208 1687 423 1764; x_wconf 86' lang='lat' dir='ltr'>Exclusura</span> <span class='ocrx_word' id='word_1_43' title='bbox 441 1690 587 1765; x_wconf 89' lang='lat' dir='ltr'>Deum:</span> <span class='ocrx_word' id='word_1_44' title='bbox 616 1691 678 1765; x_wconf 91' lang='lat' dir='ltr'>cni</span> <span class='ocrx_word' id='word_1_45' title='bbox 695 1691 964 1780; x_wconf 91' lang='lat' dir='ltr'>blandimenta,</span> <span class='ocrx_word' id='word_1_46' title='bbox 983 1715 1206 1790; x_wconf 85' lang='lat' dir='ltr'>precesque,</span> <span class='ocrx_word' id='word_1_47' title='bbox 1236 1775 1239 1782; x_wconf 13' lang='grc' dir='ltr'><strong><em>Δ</em></strong></span> 
     </span>
     <span class='ocr_line' id='line_1_9' title="bbox 207 1805 1211 1905; baseline -0.001 -25"><span class='ocrx_word' id='word_1_48' title='bbox 207 1805 410 1905; x_wconf 83' lang='lat' dir='ltr'>Verbaque</span> <span class='ocrx_word' id='word_1_49' title='bbox 423 1806 583 1904; x_wconf 84' lang='lat' dir='ltr'>jactanti</span> <span class='ocrx_word' id='word_1_50' title='bbox 598 1807 820 1897; x_wconf 84' lang='lat' dir='ltr'>mitissima3</span> <span class='ocrx_word' id='word_1_51' title='bbox 852 1817 878 1884; x_wconf 85' lang='lat'>“.</span> <span class='ocrx_word' id='word_1_52' title='bbox 896 1807 1076 1893; x_wconf 88' lang='lat' dir='ltr'>Desine,’&#39;</span> <span class='ocrx_word' id='word_1_53' title='bbox 1093 1807 1211 1895; x_wconf 88' lang='lat' dir='ltr'>dixit;</span> 
     </span>
     <span class='ocr_line' id='line_1_10' title="bbox 208 1923 1234 2024; baseline 0.002 -28"><span class='ocrx_word' id='word_1_54' title='bbox 208 1931 231 1962; x_wconf 88' lang='lat'><strong>“</strong></span> <span class='ocrx_word' id='word_1_55' title='bbox 251 1923 354 2000; x_wconf 87' lang='lat' dir='ltr'>Hinc</span> <span class='ocrx_word' id='word_1_56' title='bbox 372 1949 443 2021; x_wconf 89' lang='lat' dir='ltr'>ego</span> <span class='ocrx_word' id='word_1_57' title='bbox 462 1947 522 1998; x_wconf 91' lang='lat' dir='ltr'>me</span> <span class='ocrx_word' id='word_1_58' title='bbox 540 1949 613 2000; x_wconf 90' lang='lat' dir='ltr'>nou</span> <span class='ocrx_word' id='word_1_59' title='bbox 632 1949 716 1998; x_wconf 91' lang='lat' dir='ltr'>sum</span> <span class='ocrx_word' id='word_1_60' title='bbox 734 1926 863 2000; x_wconf 90' lang='lat' dir='ltr'>uisite</span> <span class='ocrx_word' id='word_1_61' title='bbox 881 1937 1029 2000; x_wconf 89' lang='lat' dir='ltr'>motura</span> <span class='ocrx_word' id='word_1_62' title='bbox 1045 1923 1234 2024; x_wconf 71' lang='lat' dir='ltr'>pepulso.’&#39;</span> 
     </span>
     <span class='ocr_line' id='line_1_11' title="bbox 208 2039 1274 2141; baseline 0.001 -27"><span class='ocrx_word' id='word_1_63' title='bbox 208 2049 231 2078; x_wconf 90' lang='lat'><strong>“</strong></span> <span class='ocrx_word' id='word_1_64' title='bbox 247 2039 440 2129; x_wconf 77' lang='lat' dir='ltr'>StemuS,”</span> <span class='ocrx_word' id='word_1_65' title='bbox 454 2040 519 2128; x_wconf 90' lang='lat' dir='ltr'>ait,</span> <span class='ocrx_word' id='word_1_66' title='bbox 541 2050 565 2080; x_wconf 89' lang='lat'><strong>“</strong></span> <span class='ocrx_word' id='word_1_67' title='bbox 580 2041 729 2141; x_wconf 88' lang='lat' dir='ltr'>pacto,”</span> <span class='ocrx_word' id='word_1_68' title='bbox 742 2043 852 2116; x_wconf 84' lang='lat' dir='ltr'>velox</span> <span class='ocrx_word' id='word_1_69' title='bbox 869 2041 1079 2141; x_wconf 88' lang='lat' dir='ltr'>Cyllenius,</span> <span class='ocrx_word' id='word_1_70' title='bbox 1100 2050 1124 2080; x_wconf 81' lang='lat'>‘⁴</span> <span class='ocrx_word' id='word_1_71' title='bbox 1136 2043 1209 2116; x_wconf 88' lang='lat' dir='ltr'>isto</span> <span class='ocrx_word' id='word_1_72' title='bbox 1222 2039 1274 2115; x_wconf 87' lang='lat'>:&#39;’.</span> 
     </span>
     <span class='ocr_line' id='line_1_12' title="bbox 209 2156 1041 2257; baseline 0.001 -28"><span class='ocrx_word' id='word_1_73' title='bbox 209 2156 451 2255; x_wconf 85' lang='lat' dir='ltr'>Caelatasque</span> <span class='ocrx_word' id='word_1_74' title='bbox 469 2157 567 2233; x_wconf 84' lang='lat' dir='ltr'>sores</span> <span class='ocrx_word' id='word_1_75' title='bbox 584 2159 689 2254; x_wconf 89' lang='lat' dir='ltr'>virga</span> <span class='ocrx_word' id='word_1_76' title='bbox 706 2157 906 2257; x_wconf 85' lang='lat' dir='ltr'>patefecit:</span> <span class='ocrx_word' id='word_1_77' title='bbox 935 2168 975 2232; x_wconf 89' lang='lat' dir='ltr'>at</span> <span class='ocrx_word' id='word_1_78' title='bbox 988 2157 1041 2231; x_wconf 92' lang='lat' dir='ltr'>illi</span> 
     </span>
     <span class='ocr_line' id='line_1_13' title="bbox 210 2271 1256 2373; baseline 0.001 -28"><span class='ocrx_word' id='word_1_79' title='bbox 210 2272 373 2370; x_wconf 83' lang='lat' dir='ltr'>Surgere</span> <span class='ocrx_word' id='word_1_80' title='bbox 391 2274 543 2348; x_wconf 80' lang='lat' dir='ltr'>conanti</span> <span class='ocrx_word' id='word_1_81' title='bbox 560 2286 700 2373; x_wconf 87' lang='lat' dir='ltr'>partes,</span> <span class='ocrx_word' id='word_1_82' title='bbox 720 2297 968 2372; x_wconf 89' lang='lat' dir='ltr'>quascunque</span> <span class='ocrx_word' id='word_1_83' title='bbox 986 2271 1153 2350; x_wconf 89' lang='lat' dir='ltr'>sedendo</span> <span class='ocrx_word' id='word_1_84' title='bbox 1183 2277 1256 2346; x_wconf 82' lang='lat'>820</span> 
     </span>
     <span class='ocr_line' id='line_1_14' title="bbox 209 2389 1161 2488; baseline -0.001 -24"><span class='ocrx_word' id='word_1_85' title='bbox 209 2390 426 2478; x_wconf 87' lang='lat' dir='ltr'>Flectimur,</span> <span class='ocrx_word' id='word_1_86' title='bbox 444 2391 580 2487; x_wconf 88' lang='lat' dir='ltr'>ignava</span> <span class='ocrx_word' id='word_1_87' title='bbox 596 2403 792 2488; x_wconf 89' lang='lat' dir='ltr'>nequeunt</span> <span class='ocrx_word' id='word_1_88' title='bbox 809 2391 992 2488; x_wconf 89' lang='lat' dir='ltr'>gravitate</span> <span class='ocrx_word' id='word_1_89' title='bbox 1009 2389 1161 2464; x_wconf 87' lang='lat' dir='ltr'>moveri.</span> 
     </span>
     <span class='ocr_line' id='line_1_15' title="bbox 207 2506 1154 2606; baseline 0.001 -27"><span class='ocrx_word' id='word_1_90' title='bbox 207 2507 278 2582; x_wconf 89' lang='lat' dir='ltr'>llla</span> <span class='ocrx_word' id='word_1_91' title='bbox 296 2507 451 2606; x_wconf 89' lang='lat' dir='ltr'>quidem</span> <span class='ocrx_word' id='word_1_92' title='bbox 470 2516 572 2582; x_wconf 90' lang='lat' dir='ltr'>recto</span> <span class='ocrx_word' id='word_1_93' title='bbox 590 2521 735 2606; x_wconf 85' lang='lat' dir='ltr'>pugnat</span> <span class='ocrx_word' id='word_1_94' title='bbox 752 2531 794 2581; x_wconf 88' lang='lat' dir='ltr'>se</span> <span class='ocrx_word' id='word_1_95' title='bbox 812 2506 982 2581; x_wconf 90' lang='lat' dir='ltr'>attollere</span> <span class='ocrx_word' id='word_1_96' title='bbox 999 2516 1154 2580; x_wconf 87' lang='lat' dir='ltr'>trunco:</span> 
     </span>
     <span class='ocr_line' id='line_1_16' title="bbox 208 2623 1206 2722; baseline -0.003 -24"><span class='ocrx_word' id='word_1_97' title='bbox 208 2623 286 2698; x_wconf 89' lang='lat' dir='ltr'>Sed</span> <span class='ocrx_word' id='word_1_98' title='bbox 305 2648 470 2721; x_wconf 89' lang='lat' dir='ltr'>genuum</span> <span class='ocrx_word' id='word_1_99' title='bbox 484 2625 662 2722; x_wconf 89' lang='lat' dir='ltr'>junctura</span> <span class='ocrx_word' id='word_1_100' title='bbox 678 2623 787 2720; x_wconf 87' lang='lat' dir='ltr'>riget,</span> <span class='ocrx_word' id='word_1_101' title='bbox 806 2623 1000 2722; x_wconf 79' lang='lat' dir='ltr'>frigusque</span> <span class='ocrx_word' id='word_1_102' title='bbox 1017 2647 1087 2722; x_wconf 92' lang='lat' dir='ltr'>per</span> <span class='ocrx_word' id='word_1_103' title='bbox 1104 2630 1206 2696; x_wconf 91' lang='lat' dir='ltr'>artus</span> 
     </span>
     <span class='ocr_line' id='line_1_17' title="bbox 208 2739 1117 2839; baseline 0 -27"><span class='ocrx_word' id='word_1_104' title='bbox 208 2739 386 2830; x_wconf 83' lang='lat' dir='ltr'>Labitur3</span> <span class='ocrx_word' id='word_1_105' title='bbox 417 2751 456 2815; x_wconf 90' lang='lat' dir='ltr'>et</span> <span class='ocrx_word' id='word_1_106' title='bbox 473 2741 617 2839; x_wconf 89' lang='lat' dir='ltr'>pallent</span> <span class='ocrx_word' id='word_1_107' title='bbox 631 2740 770 2813; x_wconf 89' lang='lat' dir='ltr'>amisso</span> <span class='ocrx_word' id='word_1_108' title='bbox 788 2739 971 2836; x_wconf 88' lang='lat' dir='ltr'>sanguine</span> <span class='ocrx_word' id='word_1_109' title='bbox 987 2763 1117 2813; x_wconf 69' lang='lat' dir='ltr'>venua¹</span> 
     </span>
     <span class='ocr_line' id='line_1_18' title="bbox 207 2855 1253 2956; baseline -0.001 -26"><span class='ocrx_word' id='word_1_110' title='bbox 207 2857 339 2956; x_wconf 86' lang='lat' dir='ltr'>thue</span> <span class='ocrx_word' id='word_1_111' title='bbox 356 2857 497 2931; x_wconf 91' lang='lat' dir='ltr'>malum</span> <span class='ocrx_word' id='word_1_112' title='bbox 511 2857 586 2930; x_wconf 89' lang='lat' dir='ltr'>late</span> <span class='ocrx_word' id='word_1_113' title='bbox 605 2856 700 2930; x_wconf 89' lang='lat' dir='ltr'>solet</span> <span class='ocrx_word' id='word_1_114' title='bbox 718 2855 995 2930; x_wconf 89' lang='lat' dir='ltr'>immedicabile</span> <span class='ocrx_word' id='word_1_115' title='bbox 1014 2877 1150 2930; x_wconf 85' lang='lat' dir='ltr'>cancer</span> <span class='ocrx_word' id='word_1_116' title='bbox 1180 2857 1253 2929; x_wconf 78' lang='lat'>825</span> 
     </span>
    </p>
   </div>
   <div class='ocr_carea' id='block_1_4' title="bbox 197 3121 1330 4751">
    <p class='ocr_par' dir='ltr' id='par_1_4' title="bbox 205 3121 1257 3260">
     <span class='ocr_line' id='line_1_19' title="bbox 236 3121 1257 3191; baseline -0.005 -18"><span class='ocrx_word' id='word_1_117' title='bbox 236 3124 294 3173; x_wconf 81' lang='lat' dir='ltr'>ota</span> <span class='ocrx_word' id='word_1_118' title='bbox 312 3123 411 3186; x_wconf 68' lang='grc' dir='ltr'>δρίπωίε</span> <span class='ocrx_word' id='word_1_119' title='bbox 421 3125 503 3182; x_wconf 67' lang='lat' dir='ltr'>tertia</span> <span class='ocrx_word' id='word_1_120' title='bbox 514 3123 588 3191; x_wconf 76' lang='lat' dir='ltr'>spinis</span> <span class='ocrx_word' id='word_1_121' title='bbox 600 3124 706 3174; x_wconf 88' lang='lat' dir='ltr'>nondum</span> <span class='ocrx_word' id='word_1_122' title='bbox 756 3132 799 3176; x_wconf 88' lang='lat' dir='ltr'>aut</span> <span class='ocrx_word' id='word_1_123' title='bbox 819 3135 915 3173; x_wconf 77' lang='lat' dir='ltr'>tremore</span> <span class='ocrx_word' id='word_1_124' title='bbox 935 3131 1002 3172; x_wconf 75' lang='lat' dir='ltr'>artus</span> <span class='ocrx_word' id='word_1_125' title='bbox 1022 3138 1133 3186; x_wconf 77' lang='lat' dir='ltr'>occupare</span> <span class='ocrx_word' id='word_1_126' title='bbox 1155 3121 1257 3173; x_wconf 84' lang='lat' dir='ltr'>dicitnr:</span> 
     </span>
     <span class='ocr_line' id='line_1_20' title="bbox 205 3187 883 3260; baseline 0 -13"><span class='ocrx_word' id='word_1_127' title='bbox 205 3187 286 3247; x_wconf 80' lang='lat' dir='ltr'>aridia</span> <span class='ocrx_word' id='word_1_128' title='bbox 322 3197 489 3260; x_wconf 80' lang='lat' dir='ltr'>Vapur,calur.</span> <span class='ocrx_word' id='word_1_129' title='bbox 757 3197 807 3247; x_wconf 88' lang='lat' dir='ltr'>vid.</span> <span class='ocrx_word' id='word_1_130' title='bbox 820 3197 883 3248; x_wconf 82' lang='lat' dir='ltr'>Cios.</span> 
     </span>
    </p>

    <p class='ocr_par' dir='ltr' id='par_1_5' title="bbox 205 3269 1257 3415">
     <span class='ocr_line' id='line_1_21' title="bbox 237 3269 1257 3341; baseline -0.002 -19"><span class='ocrx_word' id='word_1_131' title='bbox 237 3275 295 3322; x_wconf 83' lang='lat' dir='ltr'>all.</span> <span class='ocrx_word' id='word_1_132' title='bbox 312 3273 385 3336; x_wconf 80' lang='lat' dir='ltr'>Vulg.</span> <span class='ocrx_word' id='word_1_133' title='bbox 396 3275 444 3322; x_wconf 69' lang='lat' dir='ltr'>tert</span> <span class='ocrx_word' id='word_1_134' title='bbox 454 3283 528 3336; x_wconf 72' lang='lat' dir='ltr'>tepora</span> <span class='ocrx_word' id='word_1_135' title='bbox 539 3289 586 3322; x_wconf 89' lang='lat' dir='ltr'>non</span> <span class='ocrx_word' id='word_1_136' title='bbox 597 3273 708 3324; x_wconf 82' lang='lat' dir='ltr'>convenit</span> <span class='ocrx_word' id='word_1_137' title='bbox 791 3275 847 3322; x_wconf 75' lang='lat'>825.</span> <span class='ocrx_word' id='word_1_138' title='bbox 861 3272 936 3341; x_wconf 76' lang='lat' dir='ltr'>thue</span> <span class='ocrx_word' id='word_1_139' title='bbox 945 3271 1106 3335; x_wconf 66' lang='lat' dir='ltr'>calameta]</span> <span class='ocrx_word' id='word_1_140' title='bbox 1123 3269 1257 3320; x_wconf 85' lang='lat' dir='ltr'>Similitudo</span> 
     </span>
     <span class='ocr_line' id='line_1_22' title="bbox 205 3345 1257 3415; baseline 0 -19"><span class='ocrx_word' id='word_1_141' title='bbox 205 3347 284 3403; x_wconf 82' lang='lat' dir='ltr'>rebus,</span> <span class='ocrx_word' id='word_1_142' title='bbox 295 3361 349 3411; x_wconf 72' lang='lat' dir='ltr'>quat</span> <span class='ocrx_word' id='word_1_143' title='bbox 360 3346 482 3412; x_wconf 84' lang='lat' dir='ltr'>supposito</span> <span class='ocrx_word' id='word_1_144' title='bbox 492 3346 546 3412; x_wconf 85' lang='lat' dir='ltr'>igne</span> <span class='ocrx_word' id='word_1_145' title='bbox 557 3356 700 3396; x_wconf 82' lang='lat' dir='ltr'>cremantur.</span> <span class='ocrx_word' id='word_1_146' title='bbox 759 3347 864 3415; x_wconf 86' lang='lat' dir='ltr'>apprime</span> <span class='ocrx_word' id='word_1_147' title='bbox 875 3345 1028 3397; x_wconf 77' lang='lat' dir='ltr'>claudicans:</span> <span class='ocrx_word' id='word_1_148' title='bbox 1039 3346 1128 3396; x_wconf 88' lang='lat' dir='ltr'>etenim</span> <span class='ocrx_word' id='word_1_149' title='bbox 1138 3346 1201 3412; x_wconf 81' lang='lat' dir='ltr'>lapis</span> <span class='ocrx_word' id='word_1_150' title='bbox 1208 3346 1257 3396; x_wconf 84' lang='lat' dir='ltr'>lac-</span> 
     </span>
    </p>

    <p class='ocr_par' dir='ltr' id='par_1_6' title="bbox 206 3420 1259 3638">
     <span class='ocr_line' id='line_1_23' title="bbox 238 3420 1259 3487; baseline -0.001 -17"><span class='ocrx_word' id='word_1_151' title='bbox 238 3423 297 3471; x_wconf 79' lang='lat'>81³.</span> <span class='ocrx_word' id='word_1_152' title='bbox 315 3421 407 3486; x_wconf 65' lang='lat' dir='ltr'>niglu,</span> <span class='ocrx_word' id='word_1_153' title='bbox 424 3421 492 3470; x_wconf 89' lang='lat' dir='ltr'>duro.</span> <span class='ocrx_word' id='word_1_154' title='bbox 524 3423 627 3472; x_wconf 78' lang='lat' dir='ltr'>Adumo</span> <span class='ocrx_word' id='word_1_155' title='bbox 641 3438 708 3487; x_wconf 75' lang='lat' dir='ltr'>qua·</span> <span class='ocrx_word' id='word_1_156' title='bbox 759 3430 798 3472; x_wconf 85' lang='lat' dir='ltr'>tus</span> <span class='ocrx_word' id='word_1_157' title='bbox 810 3439 865 3472; x_wconf 88' lang='lat' dir='ltr'>cum</span> <span class='ocrx_word' id='word_1_158' title='bbox 878 3438 950 3474; x_wconf 87' lang='lat' dir='ltr'>carne</span> <span class='ocrx_word' id='word_1_159' title='bbox 964 3437 1050 3472; x_wconf 87' lang='lat' dir='ltr'>cancro</span> <span class='ocrx_word' id='word_1_160' title='bbox 1060 3421 1187 3486; x_wconf 80' lang='lat' dir='ltr'>absumpta</span> <span class='ocrx_word' id='word_1_161' title='bbox 1196 3420 1259 3470; x_wconf 86' lang='lat' dir='ltr'>male</span> 
     </span>
     <span class='ocr_line' id='line_1_24' title="bbox 206 3489 1258 3564; baseline -0.002 -18"><span class='ocrx_word' id='word_1_162' title='bbox 206 3495 501 3563; x_wconf 81' lang='lat' dir='ltr'>cunquealteriopposita</span> <span class='ocrx_word' id='word_1_163' title='bbox 514 3507 578 3546; x_wconf 65' lang='lat' dir='ltr'>sunt,</span> <span class='ocrx_word' id='word_1_164' title='bbox 605 3489 709 3556; x_wconf 68' lang='lat' dir='ltr'>sectare,</span> <span class='ocrx_word' id='word_1_165' title='bbox 758 3506 925 3564; x_wconf 61' lang='lat' dir='ltr'>comparatum</span> <span class='ocrx_word' id='word_1_166' title='bbox 952 3507 1004 3546; x_wconf 90' lang='lat' dir='ltr'>tum</span> <span class='ocrx_word' id='word_1_167' title='bbox 1022 3511 1107 3546; x_wconf 82' lang='lat' dir='ltr'>cancer</span> <span class='ocrx_word' id='word_1_168' title='bbox 1128 3494 1258 3546; x_wconf 77' lang='lat' dir='ltr'>lentissime</span> 
     </span>
     <span class='ocr_line' id='line_1_25' title="bbox 208 3569 1257 3638; baseline -0.001 -19"><span class='ocrx_word' id='word_1_169' title='bbox 208 3569 297 3628; x_wconf 86' lang='lat' dir='ltr'>dicere,</span> <span class='ocrx_word' id='word_1_170' title='bbox 308 3570 341 3619; x_wconf 83' lang='lat' dir='ltr'>ir.</span> <span class='ocrx_word' id='word_1_171' title='bbox 353 3572 395 3619; x_wconf 75' lang='lat'>2³.</span> <span class='ocrx_word' id='word_1_172' title='bbox 758 3572 840 3638; x_wconf 76' lang='lat' dir='ltr'>serpit,</span> <span class='ocrx_word' id='word_1_173' title='bbox 858 3579 936 3637; x_wconf 83' lang='lat' dir='ltr'>neque</span> <span class='ocrx_word' id='word_1_174' title='bbox 954 3579 1029 3620; x_wconf 86' lang='lat' dir='ltr'>toturn</span> <span class='ocrx_word' id='word_1_175' title='bbox 1047 3585 1132 3636; x_wconf 82' lang='lat' dir='ltr'>corpus</span> <span class='ocrx_word' id='word_1_176' title='bbox 1148 3579 1257 3635; x_wconf 82' lang='lat' dir='ltr'>occupat.</span> 
     </span>
    </p>

    <p class='ocr_par' dir='ltr' id='par_1_7' title="bbox 197 3643 1330 4228">
     <span class='ocr_line' id='line_1_26' title="bbox 238 3643 1257 3712; baseline -0.002 -18"><span class='ocrx_word' id='word_1_177' title='bbox 238 3647 297 3694; x_wconf 77' lang='lat'>819.</span> <span class='ocrx_word' id='word_1_178' title='bbox 317 3644 545 3711; x_wconf 73' lang='lat' dir='ltr'>Caehtuapusorer.]</span> <span class='ocrx_word' id='word_1_179' title='bbox 575 3645 614 3694; x_wconf 89' lang='lat' dir='ltr'>De</span> <span class='ocrx_word' id='word_1_180' title='bbox 625 3647 709 3696; x_wconf 74' lang='lat' dir='ltr'>celatia</span> <span class='ocrx_word' id='word_1_181' title='bbox 759 3647 854 3696; x_wconf 82' lang='lat' dir='ltr'>Frustra</span> <span class='ocrx_word' id='word_1_182' title='bbox 865 3644 967 3712; x_wconf 84' lang='lat' dir='ltr'>subjecit</span> <span class='ocrx_word' id='word_1_183' title='bbox 975 3647 1098 3709; x_wconf 76' lang='lat' dir='ltr'>paulatim,</span> <span class='ocrx_word' id='word_1_184' title='bbox 1110 3651 1138 3694; x_wconf 92' lang='lat' dir='ltr'>ut</span> <span class='ocrx_word' id='word_1_185' title='bbox 1147 3643 1257 3692; x_wconf 86' lang='lat' dir='ltr'>similitu·</span> 
     </span>
     <span class='ocr_line' id='line_1_27' title="bbox 197 3717 1258 3788; baseline 0 -20"><span class='ocrx_word' id='word_1_186' title='bbox 197 3719 303 3784; x_wconf 75' lang='lat' dir='ltr'>seritur,</span> <span class='ocrx_word' id='word_1_187' title='bbox 313 3717 368 3768; x_wconf 76' lang='lat' dir='ltr'>ride</span> <span class='ocrx_word' id='word_1_188' title='bbox 384 3719 415 3768; x_wconf 93' lang='lat' dir='ltr'>ad</span> <span class='ocrx_word' id='word_1_189' title='bbox 431 3735 481 3768; x_wconf 83' lang='lat' dir='ltr'>rer.</span> <span class='ocrx_word' id='word_1_190' title='bbox 492 3721 516 3768; x_wconf 84' lang='lat'>4.</span> <span class='ocrx_word' id='word_1_191' title='bbox 554 3719 626 3784; x_wconf 78' lang='lat' dir='ltr'>Virga</span> <span class='ocrx_word' id='word_1_192' title='bbox 641 3728 709 3785; x_wconf 89' lang='lat' dir='ltr'>pate·</span> <span class='ocrx_word' id='word_1_193' title='bbox 758 3720 840 3771; x_wconf 88' lang='lat' dir='ltr'>dinem</span> <span class='ocrx_word' id='word_1_194' title='bbox 857 3721 979 3788; x_wconf 87' lang='lat' dir='ltr'>quandam</span> <span class='ocrx_word' id='word_1_195' title='bbox 994 3719 1137 3770; x_wconf 82' lang='lat' dir='ltr'>ostenderet.</span> <span class='ocrx_word' id='word_1_196' title='bbox 1171 3717 1258 3776; x_wconf 75' lang='lat' dir='ltr'>Hiems,</span> 
     </span>
     <span class='ocr_line' id='line_1_28' title="bbox 205 3791 1330 3862; baseline -0.003 -18"><span class='ocrx_word' id='word_1_197' title='bbox 205 3794 263 3844; x_wconf 83' lang='lat' dir='ltr'>lecit</span> <span class='ocrx_word' id='word_1_198' title='bbox 278 3794 384 3850; x_wconf 67' lang='lat' dir='ltr'>lurum</span> <span class='ocrx_word' id='word_1_199' title='bbox 399 3793 520 3852; x_wconf 83' lang='lat' dir='ltr'>Minerva,</span> <span class='ocrx_word' id='word_1_200' title='bbox 534 3794 592 3842; x_wconf 87' lang='grc'><strong>767.</strong></span> <span class='ocrx_word' id='word_1_201' title='bbox 604 3802 710 3844; x_wconf 83' lang='lat' dir='ltr'>extrema</span> <span class='ocrx_word' id='word_1_202' title='bbox 758 3794 840 3860; x_wconf 74' lang='lat' dir='ltr'>trigue,</span> <span class='ocrx_word' id='word_1_203' title='bbox 858 3797 922 3862; x_wconf 75' lang='lat' dir='ltr'>justo</span> <span class='ocrx_word' id='word_1_204' title='bbox 944 3793 1025 3843; x_wconf 83' lang='lat' dir='ltr'>durius</span> <span class='ocrx_word' id='word_1_205' title='bbox 1045 3793 1077 3841; x_wconf 89' lang='lat' dir='ltr'>de</span> <span class='ocrx_word' id='word_1_206' title='bbox 1097 3807 1193 3858; x_wconf 86' lang='lat' dir='ltr'>corpore</span> <span class='ocrx_word' id='word_1_207' title='bbox 1213 3791 1258 3841; x_wconf 89' lang='lat' dir='ltr'>hu·</span> <span class='ocrx_word' id='word_1_208' title='bbox 1328 3829 1330 3836; x_wconf 27' lang='grc' dir='ltr'><em>ι</em></span> 
     </span>
     <span class='ocr_line' id='line_1_29' title="bbox 206 3865 1258 3936; baseline -0.002 -18"><span class='ocrx_word' id='word_1_209' title='bbox 206 3868 317 3936; x_wconf 82' lang='lat' dir='ltr'>cuspide.</span> <span class='ocrx_word' id='word_1_210' title='bbox 362 3869 513 3931; x_wconf 66' lang='lat' dir='ltr'>Quantaque</span> <span class='ocrx_word' id='word_1_211' title='bbox 538 3869 659 3932; x_wconf 72' lang='lat' dir='ltr'>flectimur</span> <span class='ocrx_word' id='word_1_212' title='bbox 678 3885 708 3918; x_wconf 85' lang='lat' dir='ltr'>ex</span> <span class='ocrx_word' id='word_1_213' title='bbox 758 3885 837 3920; x_wconf 89' lang='lat' dir='ltr'>mano.</span> <span class='ocrx_word' id='word_1_214' title='bbox 873 3871 957 3919; x_wconf 67' lang='lat' dir='ltr'>Vitatur</span> <span class='ocrx_word' id='word_1_215' title='bbox 974 3871 1031 3927; x_wconf 76' lang='lat' dir='ltr'>aiut,</span> <span class='ocrx_word' id='word_1_216' title='bbox 1050 3865 1154 3924; x_wconf 85' lang='lat' dir='ltr'>canales,</span> <span class='ocrx_word' id='word_1_217' title='bbox 1171 3866 1258 3931; x_wconf 81' lang='lat' dir='ltr'>quibua</span> 
     </span>
     <span class='ocr_line' id='line_1_30' title="bbox 207 3939 1257 4011; baseline -0.007 -17"><span class='ocrx_word' id='word_1_218' title='bbox 207 3953 262 3994; x_wconf 85' lang='lat' dir='ltr'>noto</span> <span class='ocrx_word' id='word_1_219' title='bbox 288 3951 313 3991; x_wconf 86' lang='lat' dir='ltr'>et</span> <span class='ocrx_word' id='word_1_220' title='bbox 338 3941 415 4007; x_wconf 86' lang='lat' dir='ltr'>poetis</span> <span class='ocrx_word' id='word_1_221' title='bbox 441 3942 551 3992; x_wconf 81' lang='lat' dir='ltr'>familiari</span> <span class='ocrx_word' id='word_1_222' title='bbox 578 3941 709 4006; x_wconf 76' lang='lat' dir='ltr'>graciamo,</span> <span class='ocrx_word' id='word_1_223' title='bbox 759 3945 900 4011; x_wconf 79' lang='lat' dir='ltr'>respiramus</span> <span class='ocrx_word' id='word_1_224' title='bbox 914 3943 1009 4007; x_wconf 85' lang='lat' dir='ltr'>aliaque</span> <span class='ocrx_word' id='word_1_225' title='bbox 1024 3955 1122 3991; x_wconf 88' lang='lat' dir='ltr'>munera</span> <span class='ocrx_word' id='word_1_226' title='bbox 1138 3939 1169 3988; x_wconf 85' lang='lat' dir='ltr'>ad</span> <span class='ocrx_word' id='word_1_227' title='bbox 1183 3939 1257 3988; x_wconf 85' lang='lat' dir='ltr'>ritum</span> 
     </span>
     <span class='ocr_line' id='line_1_31' title="bbox 206 4015 1258 4082; baseline -0.005 -15"><span class='ocrx_word' id='word_1_228' title='bbox 206 4033 278 4082; x_wconf 85' lang='lat' dir='ltr'>quern</span> <span class='ocrx_word' id='word_1_229' title='bbox 306 4017 422 4082; x_wconf 80' lang='lat' dir='ltr'>exemplis</span> <span class='ocrx_word' id='word_1_230' title='bbox 448 4017 551 4066; x_wconf 87' lang='lat' dir='ltr'>illustrat</span> <span class='ocrx_word' id='word_1_231' title='bbox 585 4017 707 4066; x_wconf 82' lang='lat' dir='ltr'>Heinsius.</span> <span class='ocrx_word' id='word_1_232' title='bbox 758 4019 938 4069; x_wconf 72' lang='lat' dir='ltr'>sustentandam</span> <span class='ocrx_word' id='word_1_233' title='bbox 953 4015 1068 4066; x_wconf 81' lang='lat' dir='ltr'>sacimusr</span> <span class='ocrx_word' id='word_1_234' title='bbox 1085 4017 1142 4064; x_wconf 70' lang='lat' dir='ltr'>occu</span> <span class='ocrx_word' id='word_1_235' title='bbox 1155 4017 1258 4072; x_wconf 82' lang='lat' dir='ltr'>a&#39;ter‚ar·</span> 
     </span>
     <span class='ocr_line' id='line_1_32' title="bbox 208 4089 1259 4158; baseline -0.003 -18"><span class='ocrx_word' id='word_1_236' title='bbox 208 4093 305 4158; x_wconf 78' lang='lat' dir='ltr'>Pugnat</span> <span class='ocrx_word' id='word_1_237' title='bbox 314 4108 337 4140; x_wconf 78' lang='lat' dir='ltr'>re</span> <span class='ocrx_word' id='word_1_238' title='bbox 347 4091 463 4149; x_wconf 84' lang='lat' dir='ltr'>attollere,</span> <span class='ocrx_word' id='word_1_239' title='bbox 474 4101 502 4141; x_wconf 90' lang='lat' dir='ltr'>ut</span> <span class='ocrx_word' id='word_1_240' title='bbox 511 4091 528 4141; x_wconf 91' lang='lat' dir='ltr'>i.</span> <span class='ocrx_word' id='word_1_241' title='bbox 539 4093 600 4141; x_wconf 79' lang='lat'><strong>685:</strong></span> <span class='ocrx_word' id='word_1_242' title='bbox 617 4103 709 4157; x_wconf 66' lang='lat' dir='ltr'>paganae</span> <span class='ocrx_word' id='word_1_243' title='bbox 758 4092 819 4142; x_wconf 90' lang='lat' dir='ltr'>teria</span> <span class='ocrx_word' id='word_1_244' title='bbox 832 4107 915 4158; x_wconf 83' lang='lat' dir='ltr'>aspera</span> <span class='ocrx_word' id='word_1_245' title='bbox 928 4100 953 4140; x_wconf 87' lang='lat' dir='ltr'>et</span> <span class='ocrx_word' id='word_1_246' title='bbox 966 4105 1008 4151; x_wconf 73' lang='grc' dir='ltr'>ως</span> <span class='ocrx_word' id='word_1_247' title='bbox 1025 4089 1056 4138; x_wconf 84' lang='lat' dir='ltr'>ri.</span> <span class='ocrx_word' id='word_1_248' title='bbox 1068 4090 1124 4138; x_wconf 78' lang='lat'><strong>³55.</strong></span> <span class='ocrx_word' id='word_1_249' title='bbox 1139 4092 1177 4138; x_wconf 80' lang='lat' dir='ltr'>uio</span> <span class='ocrx_word' id='word_1_250' title='bbox 1192 4091 1259 4138; x_wconf 76' lang='lat' dir='ltr'>socia</span> 
     </span>
     <span class='ocr_line' id='line_1_33' title="bbox 207 4163 1257 4228; baseline -0.003 -13"><span class='ocrx_word' id='word_1_251' title='bbox 207 4171 309 4216; x_wconf 77' lang='lat' dir='ltr'>euincere</span> <span class='ocrx_word' id='word_1_252' title='bbox 319 4181 410 4214; x_wconf 74' lang='lat' dir='ltr'>warnos.</span> <span class='ocrx_word' id='word_1_253' title='bbox 758 4166 852 4215; x_wconf 87' lang='lat' dir='ltr'>Lucret.</span> <span class='ocrx_word' id='word_1_254' title='bbox 861 4163 892 4215; x_wconf 86' lang='lat' dir='ltr'>iv.</span> <span class='ocrx_word' id='word_1_255' title='bbox 903 4167 967 4216; x_wconf 76' lang='lat'>61⁴:</span> <span class='ocrx_word' id='word_1_256' title='bbox 982 4168 1035 4222; x_wconf 82' lang='lat' dir='ltr'>iter,</span> <span class='ocrx_word' id='word_1_257' title='bbox 1042 4182 1087 4228; x_wconf 78' lang='lat' dir='ltr'>qna</span> <span class='ocrx_word' id='word_1_258' title='bbox 1099 4181 1139 4214; x_wconf 77' lang='lat' dir='ltr'>una</span> <span class='ocrx_word' id='word_1_259' title='bbox 1147 4167 1167 4213; x_wconf 82' lang='lat' dir='ltr'>it</span> <span class='ocrx_word' id='word_1_260' title='bbox 1177 4168 1203 4213; x_wconf 80' lang='lat' dir='ltr'>iu</span> <span class='ocrx_word' id='word_1_261' title='bbox 1214 4181 1257 4212; x_wconf 77' lang='lat' dir='ltr'>aa·</span> 
     </span>
    </p>

    <p class='ocr_par' dir='ltr' id='par_1_8' title="bbox 207 4238 1259 4751">
     <span class='ocr_line' id='line_1_34' title="bbox 239 4238 1257 4304; baseline -0.002 -16"><span class='ocrx_word' id='word_1_262' title='bbox 239 4241 298 4288; x_wconf 80' lang='lat'><strong>823.</strong></span> <span class='ocrx_word' id='word_1_263' title='bbox 317 4241 365 4288; x_wconf 84' lang='lat' dir='ltr'>Per</span> <span class='ocrx_word' id='word_1_264' title='bbox 380 4247 446 4287; x_wconf 77' lang='lat' dir='ltr'>ortus</span> <span class='ocrx_word' id='word_1_265' title='bbox 460 4255 502 4303; x_wconf 90' lang='lat' dir='ltr'>pro</span> <span class='ocrx_word' id='word_1_266' title='bbox 515 4257 556 4302; x_wconf 83' lang='lat' dir='ltr'>per</span> <span class='ocrx_word' id='word_1_267' title='bbox 571 4255 668 4304; x_wconf 69' lang='lat' dir='ltr'>angam,</span> <span class='ocrx_word' id='word_1_268' title='bbox 679 4255 709 4288; x_wconf 87' lang='lat' dir='ltr'>ex</span> <span class='ocrx_word' id='word_1_269' title='bbox 758 4257 805 4290; x_wconf 82' lang='lat' dir='ltr'>rar.</span> <span class='ocrx_word' id='word_1_270' title='bbox 841 4240 907 4288; x_wconf 80' lang='lat' dir='ltr'>Colla</span> <span class='ocrx_word' id='word_1_271' title='bbox 923 4241 1020 4297; x_wconf 78' lang='lat' dir='ltr'>tenebat,</span> <span class='ocrx_word' id='word_1_272' title='bbox 1036 4247 1195 4304; x_wconf 78' lang='lat' dir='ltr'>occupaverat</span> <span class='ocrx_word' id='word_1_273' title='bbox 1209 4238 1257 4287; x_wconf 88' lang='lat' dir='ltr'>col-</span> 
     </span>
     <span class='ocr_line' id='line_1_35' title="bbox 207 4313 1259 4381; baseline -0.001 -19"><span class='ocrx_word' id='word_1_274' title='bbox 207 4315 316 4381; x_wconf 82' lang='lat' dir='ltr'>pluribus</span> <span class='ocrx_word' id='word_1_275' title='bbox 330 4313 424 4364; x_wconf 80' lang='lat' dir='ltr'>Ciolani</span> <span class='ocrx_word' id='word_1_276' title='bbox 439 4322 464 4361; x_wconf 89' lang='lat' dir='ltr'>et</span> <span class='ocrx_word' id='word_1_277' title='bbox 479 4313 572 4362; x_wconf 82' lang='lat' dir='ltr'>Heinsii</span> <span class='ocrx_word' id='word_1_278' title='bbox 587 4314 658 4362; x_wconf 86' lang='lat' dir='ltr'>MSS.</span> <span class='ocrx_word' id='word_1_279' title='bbox 671 4329 709 4362; x_wconf 91' lang='lat' dir='ltr'>re·</span> <span class='ocrx_word' id='word_1_280' title='bbox 759 4313 818 4370; x_wconf 88' lang='lat' dir='ltr'>lum,</span> <span class='ocrx_word' id='word_1_281' title='bbox 829 4323 856 4363; x_wconf 92' lang='lat' dir='ltr'>ut</span> <span class='ocrx_word' id='word_1_282' title='bbox 866 4315 924 4364; x_wconf 84' lang='grc'>376.</span> <span class='ocrx_word' id='word_1_283' title='bbox 958 4313 1086 4380; x_wconf 72' lang='lat' dir='ltr'>infecerat,</span> <span class='ocrx_word' id='word_1_284' title='bbox 1098 4313 1205 4362; x_wconf 86' lang='lat' dir='ltr'>maculas</span> <span class='ocrx_word' id='word_1_285' title='bbox 1216 4322 1259 4361; x_wconf 87' lang='lat' dir='ltr'>aut</span> 
     </span>
     <span class='ocr_line' id='line_1_36' title="bbox 207 4386 1257 4455; baseline -0.005 -16"><span class='ocrx_word' id='word_1_286' title='bbox 207 4391 275 4455; x_wconf 78' lang='lat' dir='ltr'>oepi3</span> <span class='ocrx_word' id='word_1_287' title='bbox 302 4405 391 4454; x_wconf 76' lang='lat' dir='ltr'>unguet</span> <span class='ocrx_word' id='word_1_288' title='bbox 412 4387 475 4436; x_wconf 89' lang='lat' dir='ltr'>enim</span> <span class='ocrx_word' id='word_1_289' title='bbox 496 4402 540 4436; x_wconf 90' lang='lat' dir='ltr'>uec</span> <span class='ocrx_word' id='word_1_290' title='bbox 562 4387 643 4452; x_wconf 80' lang='lat' dir='ltr'>frigus,</span> <span class='ocrx_word' id='word_1_291' title='bbox 664 4399 709 4436; x_wconf 82' lang='lat' dir='ltr'>nec</span> <span class='ocrx_word' id='word_1_292' title='bbox 760 4386 852 4451; x_wconf 86' lang='lat' dir='ltr'>nigrum</span> <span class='ocrx_word' id='word_1_293' title='bbox 862 4388 885 4436; x_wconf 91' lang='lat' dir='ltr'>ei</span> <span class='ocrx_word' id='word_1_294' title='bbox 899 4387 1000 4438; x_wconf 83' lang='lat' dir='ltr'>colorem</span> <span class='ocrx_word' id='word_1_295' title='bbox 1015 4395 1172 4436; x_wconf 78' lang='lat' dir='ltr'>contraxerat.</span> <span class='ocrx_word' id='word_1_296' title='bbox 1205 4387 1257 4435; x_wconf 86' lang='lat' dir='ltr'>Ser-</span> 
     </span>
     <span class='ocr_line' id='line_1_37' title="bbox 207 4460 1257 4527; baseline -0.002 -15"><span class='ocrx_word' id='word_1_297' title='bbox 207 4463 311 4514; x_wconf 85' lang='lat' dir='ltr'>calorem</span> <span class='ocrx_word' id='word_1_298' title='bbox 324 4461 437 4512; x_wconf 87' lang='lat' dir='ltr'>sentiunt.</span> <span class='ocrx_word' id='word_1_299' title='bbox 464 4461 525 4510; x_wconf 87' lang='lat' dir='ltr'>Vult</span> <span class='ocrx_word' id='word_1_300' title='bbox 538 4471 614 4510; x_wconf 90' lang='lat' dir='ltr'>totum</span> <span class='ocrx_word' id='word_1_301' title='bbox 625 4478 710 4527; x_wconf 81' lang='lat' dir='ltr'>corpus</span> <span class='ocrx_word' id='word_1_302' title='bbox 757 4468 815 4510; x_wconf 82' lang='lat' dir='ltr'>rant</span> <span class='ocrx_word' id='word_1_303' title='bbox 825 4461 929 4512; x_wconf 72' lang='lat' dir='ltr'>homines</span> <span class='ocrx_word' id='word_1_304' title='bbox 939 4461 1023 4510; x_wconf 90' lang='lat' dir='ltr'>mutati</span> <span class='ocrx_word' id='word_1_305' title='bbox 1034 4460 1257 4526; x_wconf 82' lang='lat' dir='ltr'>aliquidepristina</span> 
     </span>
     <span class='ocr_line' id='line_1_38' title="bbox 207 4534 1255 4602; baseline -0.004 -14"><span class='ocrx_word' id='word_1_306' title='bbox 207 4539 295 4596; x_wconf 82' lang='lat' dir='ltr'>dicere,</span> <span class='ocrx_word' id='word_1_307' title='bbox 304 4537 330 4588; x_wconf 88' lang='lat' dir='ltr'>id</span> <span class='ocrx_word' id='word_1_308' title='bbox 339 4546 419 4585; x_wconf 85' lang='lat' dir='ltr'>antem</span> <span class='ocrx_word' id='word_1_309' title='bbox 430 4543 493 4586; x_wconf 82' lang='lat' dir='ltr'>recte</span> <span class='ocrx_word' id='word_1_310' title='bbox 504 4552 547 4602; x_wconf 89' lang='lat' dir='ltr'>per</span> <span class='ocrx_word' id='word_1_311' title='bbox 553 4546 619 4584; x_wconf 75' lang='lat' dir='ltr'>artua</span> <span class='ocrx_word' id='word_1_312' title='bbox 629 4537 709 4601; x_wconf 84' lang='lat' dir='ltr'>(junc-</span> <span class='ocrx_word' id='word_1_313' title='bbox 758 4544 851 4592; x_wconf 83' lang='lat' dir='ltr'>natura,</span> <span class='ocrx_word' id='word_1_314' title='bbox 862 4536 957 4601; x_wconf 81' lang='lat' dir='ltr'>Lycaon</span> <span class='ocrx_word' id='word_1_315' title='bbox 967 4534 1093 4591; x_wconf 82' lang='lat' dir='ltr'>feritatem,</span> <span class='ocrx_word' id='word_1_316' title='bbox 1104 4536 1208 4600; x_wconf 83' lang='lat' dir='ltr'>Daphne</span> <span class='ocrx_word' id='word_1_317' title='bbox 1220 4534 1255 4584; x_wconf 89' lang='lat' dir='ltr'>ni·</span> 
     </span>
     <span class='ocr_line' id='line_1_39' title="bbox 207 4609 923 4676; baseline 0 -16"><span class='ocrx_word' id='word_1_318' title='bbox 207 4621 272 4662; x_wconf 82' lang='lat' dir='ltr'>tures</span> <span class='ocrx_word' id='word_1_319' title='bbox 280 4611 450 4669; x_wconf 86' lang='lat' dir='ltr'>membrorum,</span> <span class='ocrx_word' id='word_1_320' title='bbox 459 4610 517 4660; x_wconf 88' lang='lat' dir='ltr'>item</span> <span class='ocrx_word' id='word_1_321' title='bbox 529 4611 636 4659; x_wconf 87' lang='lat' dir='ltr'>membra</span> <span class='ocrx_word' id='word_1_322' title='bbox 646 4609 710 4676; x_wconf 86' lang='lat' dir='ltr'>ipsa)</span> <span class='ocrx_word' id='word_1_323' title='bbox 758 4619 840 4668; x_wconf 85' lang='lat' dir='ltr'>torem,</span> <span class='ocrx_word' id='word_1_324' title='bbox 851 4620 898 4661; x_wconf 85' lang='lat' dir='ltr'>etc.</span> <span class='ocrx_word' id='word_1_325' title='bbox 919 4640 923 4648; x_wconf 93' lang='lat'>·</span> 
     </span>
     <span class='ocr_line' id='line_1_40' title="bbox 210 4683 711 4751; baseline -0.004 -17"><span class='ocrx_word' id='word_1_326' title='bbox 210 4697 234 4734; x_wconf 88' lang='lat' dir='ltr'>et</span> <span class='ocrx_word' id='word_1_327' title='bbox 247 4703 315 4736; x_wconf 79' lang='lat' dir='ltr'>mar</span> <span class='ocrx_word' id='word_1_328' title='bbox 329 4683 449 4750; x_wconf 84' lang='lat' dir='ltr'>exprimit.</span> <span class='ocrx_word' id='word_1_329' title='bbox 484 4685 515 4734; x_wconf 89' lang='lat' dir='ltr'>Et</span> <span class='ocrx_word' id='word_1_330' title='bbox 531 4685 711 4751; x_wconf 74' lang='lat' dir='ltr'>passim&#39;j&#39;rigm</span> 
     </span>
    </p>
   </div>
   <div class='ocr_carea' id='block_1_5' title="bbox 0 0 1730 5988">
    <p class='ocr_par' dir='ltr' id='par_1_9' title="bbox 0 0 1730 5988">
     <span class='ocr_line' id='line_1_41' title="bbox 0 0 1730 5988; baseline 0 0"><span class='ocrx_word' id='word_1_331' title='bbox 0 0 1730 5988; x_wconf 95' lang='lat' dir='ltr'> </span> 
     </span>
    </p>
   </div>
  </div>
 </body>
</html>
