3468 5994
384 793 390 808 ·
467 757 542 826 see
761 751 801 816 Ρ.
825 741 1222 832 ovrorrussours

469 932 599 1007 Possit
614 952 733 1028 opus:
761 925 882 1000 doluit
899 947 1080 998 successu
1095 921 1192 994 flava
1206 917 1353 1014 virag03
1445 913 1515 984 130

469 1049 521 1124 Et
537 1047 639 1146 rupit
654 1045 789 1144 pictas,
808 1041 977 1116 coelestie
989 1039 1156 1125 crimina,
1175 1045 1313 1111 vestes.

471 1165 602 1264 thue
621 1160 824 1262 Cytoriaco
842 1159 989 1233 radium
1003 1158 1051 1232 de
1069 1165 1197 1230 monte
1214 1151 1381 1235 tenebat,

469 1281 555 1371 Ter,
570 1291 716 1380 quater,
734 1277 916 1353 Idmoniae
928 1275 1088 1352 frontem
1106 1271 1293 1373 percussit
1305 1263 1513 1340 Arachnes.

471 1397 560 1472 Non
576 1397 663 1472 tulit
679 1394 821 1482 infelix,
840 1385 1053 1493 laqueoque
1071 1390 1240 1466 animosa
1255 1382 1386 1482 ligavit

472 1515 658 1590 Gutture:
680 1512 909 1613 pendentem
928 1508 1056 1584 Pullus
1073 1506 1250 1581 miserata
1262 1501 1420 1585 levavit3
1445 1497 1513 1568 135

470 1632 601 1730 Atque
618 1630 683 1717 ita,
699 1638 722 1668 ‘⁴
737 1629 832 1702 Vive
845 1627 1011 1726 quidem,
1024 1624 1148 1724 pende
1158 1633 1296 1708 tamen,
1307 1607 1515 1714 improba‚’‘

472 1761 497 1791 “
517 1749 675 1848 Lexque
688 1747 821 1823 eadem
831 1769 964 1845 poenae,
976 1767 1025 1818 ne
1039 1743 1091 1816 sis
1102 1763 1235 1816 secure
1244 1734 1371 1820 futuri,
1384 1727 1513 1828 [dixitr

472 1868 588 1942 Dicte
602 1876 668 1940 tuo
685 1863 825 1963 generi,
844 1863 1014 1962 serisque
1031 1858 1233 1960 nepotibus
1246 1849 1366 1929 esto.''

472 1985 568 2060 Post
585 2008 631 2058 ea
643 1983 842 2058 discedens
860 1981 984 2054 succis
1002 1975 1231 2053 Hecateidos
1248 1967 1375 2045 herbae

474 2102 648 2202 Spargit;
669 2111 709 2174 et
721 2100 915 2200 extemplo
933 2097 1030 2172 tristi
1049 2089 1297 2170 medicamine
1312 2093 1424 2159 taetre
1447 2080 1516 2151 140

473 2218 679 2293 Defluxere
695 2240 825 2302 comae,
844 2237 1008 2312 cumque
1025 2212 1138 2286 biset
1154 2207 1266 2292 naris,
1285 2212 1324 2277 et
1340 2199 1440 2274 auris
1454 2221 1464 2284 ;

474 2336 612 2436 Fitque
637 2344 753 2434 caput
775 2333 983 2419 minimum,
1002 2340 1159 2440 totoque
1174 2325 1214 2398 in
1227 2341 1387 2419 corpme
1404 2331 1518 2413 parva

623 2461 705 2525 est:

472 2605 546 2658 etiam
562 2607 630 2656 Deos
649 2603 734 2670 tangit,
751 2611 870 2653 eommots
890 2601 972 2652 Pullus
1021 2597 1148 2650 sollicitate
1162 2593 1275 2644 Heinsius
1287 2589 1394 2640 debebat
1407 2582 1518 2636 adcurri-

474 2681 551 2748 puuit,
571 2685 643 2746 atque
663 2677 754 2728 invidis
773 2677 826 2744 ejus
843 2677 971 2726 exacerbs-
1022 2674 1134 2740 gendum.
1146 2670 1215 2734 *vide
1231 2667 1262 2718 ed
1280 2666 1306 2716 ii.
1323 2665 1382 2715 ³98.
1417 2661 1518 2716 maist,

474 2765 513 2805 tur
527 2756 599 2805 etism
614 2753 752 2804 criminibus
763 2753 869 2802 Deorum
880 2751 973 2801 effictis.
1021 2750 1132 2800 leviorem
1144 2747 1165 2795 el
1178 2753 1264 2795 sortem
1275 2740 1365 2790 tribuit.

476 2830 530 2878 Noa
551 2831 609 2878 boor
629 2829 692 2878 illud
710 2843 765 2890 opus
785 2843 878 2889 corpere
897 2829 973 2889 pouit,
1057 2825 1114 2873 137.
1130 2821 1185 2879 Ler,
1202 2817 1286 2868 modus
1301 2825 1326 2865 et
1342 2807 1412 2864 ratio.
1445 2809 1520 2859 Poeas

474 2903 594 2971 proverbii
613 2903 719 2969 speciem
743 2901 853 2951 habuisse
869 2900 973 2956 ¹videtur.
1021 2901 1127 2968 ejusdcm
1146 2895 1210 2946 modi
1231 2892 1362 2944 constituta
1379 2897 1440 2938 esta.
1477 2886 1520 2936 Pur

475 2986 586 3028 mouente
602 2977 700 3027 Zinzerl.
728 2975 843 3025 Promuls.
859 2989 915 3041 cup.
933 2975 974 3023 41.
1021 2991 1094 3042 genus
1104 2984 1128 3022 et
1138 2979 1227 3034 nepotes
1236 2959 1468 3026 umensintelligit.
1482 2959 1520 3008 Its

477 3055 582 3103 &latia
602 3055 700 3103 munina
722 3051 826 3099 Deorum
847 3057 930 3114 stupra
949 3057 975 3097 et
1023 3058 1111 3110 nepotes
1126 3042 1296 3096 etiamsilss.
1328 3037 1391 3087 lude
1405 3042 1520 3086 autemst

476 3125 724 3176 adulteriadicuntur.
750 3122 814 3172 Vide
824 3123 907 3171 Burm.
933 3121 973 3170 Sic
1023 3123 1201 3172 mosinius
1215 3113 1417 3177 mimum.
1430 3111 1518 3174 θοοῖς·

475 3211 501 3252 et
517 3200 663 3266 Propertius,
684 3199 719 3248 Π.
737 3215 761 3247 v.
778 3199 826 3248 25:
851 3196 906 3244 Noa
926 3199 975 3246 istit
1023 3197 1124 3248 iusso.
1357 3189 1360 3194 ’

475 3277 531 3326 alim
557 3277 677 3324 mdabant
701 3281 762 3321 ueta
777 3272 875 3336 figuris.
916 3268 974 3318 Tum
1059 3273 1114 3321 139.
1125 3269 1240 3323 Hwatais,
1252 3271 1370 3315 venenate
1383 3269 1409 3310 et
1419 3257 1519 3324 mugiet)

473 3351 624 3413 malesualtu
637 3349 733 3396 crimine
749 3347 825 3408 pictas
834 3353 893 3392 erat.
921 3343 974 3392 Gri-
1002 3349 1003 3355 ’
1023 3345 1160 3397 ιιιιίν.44.
1174 3343 1284 3393 Hecateia
1298 3341 1404 3389 eanuiaa
1418 3333 1520 3384 suntin·

475 3425 547 3480 mina,
558 3433 636 3479 uestes,
649 3421 730 3477 telum,
741 3421 825 3484 inqua
835 3416 934 3481 flagitis.
1023 3419 1179 3469 cantationes.
1207 3417 1296 3464 Hecate
1312 3411 1377 3464 enim
1397 3408 1522 3458 lumb!-

510 3497 567 3546 1³2.
584 3495 729 3560 cutoriam]
742 3493 806 3542 Vide
821 3491 852 3540 ad
867 3492 901 3540 iv.
917 3492 974 3540 311.
1022 3503 1061 3544 tur
1085 3509 1100 3543 a
1120 3491 1241 3544 veneficis.
1275 3489 1428 3542 Madiama,
1448 3481 1521 3532 anub

476 3572 583 3620 Animosa
602 3570 700 3619 relertur
717 3567 802 3616 mellus
817 3564 848 3614 ud
865 3573 972 3630 guastura.
1023 3584 1117 3628 succus,
1136 3583 1185 3633 quo
1205 3563 1309 3616 inficitur
1335 3558 1437 3626 aliquid-
1477 3557 1521 3606 Dt-

476 3661 549 3712 quam
560 3644 591 3695 ed
606 3645 683 3710 ipsam
693 3642 837 3701 bruchum
854 3639 896 3689 sed
907 3656 974 3704 que·
1015 3645 1095 3708 flam
1104 3650 1129 3692 et
1138 3641 1265 3706 defluvium
1274 3636 1362 3688 dicitur
1377 3635 1409 3685 de
1423 3632 1523 3699 capillis.

476 3720 543 3778 ritus,
559 3735 607 3785 quo
624 3735 694 3769 seusu
713 3717 748 3766 vir
768 3715 852 3764 doctus
870 3714 896 3763 in
913 3713 973 3763 Bib·
1026 3717 1122 3780 Totoque
1138 3720 1166 3765 r'a
1180 3731 1271 3778 corpora
1286 3713 1440 3762 Burmannus
1459 3708 1523 3758 dedit

475 3793 543 3844 liotb.
560 3794 642 3859 ligur.
671 3791 727 3842 vot
743 3790 791 3840 111.
812 3789 841 3838 P.
858 3788 876 3838 i.
893 3805 918 3855 p.
932 3790 973 3838 94.
1023 3808 1055 3842 ex
1077 3792 1151 3842 uibus
1170 3791 1260 3848 MSS.;
1278 3789 1351 3852 vulgo
1372 3797 1419 3836 tota
1439 3801 1523 3850 quaque

476 3870 580 3935 explicet
590 3867 712 3935 spirantis.
727 3876 752 3916 et
762 3875 884 3932 comperet
892 3881 921 3914 es
932 3863 975 3918 vii.
1023 3883 1122 3930 sulpure.
1155 3865 1225 3914 Licet
1245 3864 1333 3914 babeat
1348 3869 1426 3911 totum
1442 3870 1468 3910 et
1487 3860 1524 3908 ia·

475 3945 533 3994 604.
554 3961 607 4007 pars
627 3947 728 3994 animam
749 3944 827 4006 laqruo
849 3941 974 3990 claudant.
1024 3949 1117 4005 tegrum
1132 3955 1226 4006 eorpus,
1248 3952 1324 4004 parve
1338 3945 1420 3986 tumen
1437 3942 1483 3991 est,
1499 3941 1526 3982 ut

475 4015 570 4066 Lsudut
589 4017 654 4070 idem
674 4017 757 4066 Amor.
774 4015 797 4064 1.
816 4015 849 4065 vi.
869 4016 916 4074 515
933 4011 975 4063 ubi
1024 4013 1105 4064 omnia
1115 4013 1166 4080 ejus
1174 4013 1347 4062 membris'sunt
1357 4009 1438 4060 exilis.
1464 4009 1523 4058 blus

475 4093 600 4139 caumana
617 4101 711 4142 mlum
730 4099 799 4156 putat
815 4105 867 4138 esse
883 4087 974 4154 spirau-
1025 4088 1139 4138 Heinsius
1152 4087 1236 4137 mallet
1246 4097 1325 4136 uenter
1336 4087 1391 4142 abit,
1401 4083 1444 4134 sed
1454 4082 1525 4132 mels.

475 4172 533 4221 tem,
551 4165 658 4227 flantem,
671 4173 697 4214 et
712 4181 727 4215 e
745 4164 800 4215 cte.
814 4165 847 4213 N.
859 4163 892 4212 D.
907 4161 934 4210 ii.
951 4163 975 4212 6.
1025 4163 1166 4228 Eleganter,'
1181 4162 1264 4210 Cetera
1281 4169 1361 4210 uenter
1378 4160 1452 4214 babet,
1468 4165 1526 4206 suut

475 4240 577 4288 aramum
597 4241 733 4302 spirabilem.
776 4238 848 4289 Haud
869 4238 918 4289 scio
938 4245 974 4286 ta·
1024 4233 1525 4287 venter.111.Trist.ir.46.lrabetcstm

475 4327 538 4369 men.
551 4328 582 4361 an
596 4313 673 4380 pomis
688 4315 792 4380 superbe
808 4311 936 4379 explicare,
948 4321 976 4362 ut
1022 4321 1114 4374 pontus.
1150 4311 1220 4359 Obirs
1239 4309 1318 4375 potius
1338 4307 1369 4356 de
1390 4316 1455 4362 actu,
1475 4321 1525 4369 quo

474 4388 611 4443 versu206,
623 4397 649 4436 ut
665 4388 756 4452 gutturi
770 4403 835 4436 more
852 4395 974 4452 poetarum
1025 4394 1131 4436 mutatur
1141 4383 1240 4451 aliquid.
1249 4383 1267 4432 i.
1277 4383 1334 4433 stu.
1360 4379 1525 4430 Eunoen&-

474 4458 565 4509 tributa
577 4459 836 4510 sitali‘ectiodomiusr.
867 4460 974 4524 Iujuuc·
1024 4459 1098 4510 beliat
1109 4459 1178 4524 sequi
1195 4453 1409 4514 menandris
1424 4456 1488 4512 ulus.
1501 4461 1528 4504 et

475 4543 529 4583 ture
538 4536 662 4596 verborum
673 4535 763 4600 ligauit,
775 4537 972 4584 leuauitsaueest
1024 4533 1123 4598 quidem
1133 4537 1249 4598 antiquus,
1259 4531 1379 4599 pristinus.
1413 4531 1475 4582 Num
1488 4547 1528 4578 sz-

475 4609 620 4673 negligentis
628 4609 748 4672 quodam,
758 4625 836 4673 neque
844 4607 975 4658 temeuillu
1024 4625 1100 4660 arem
1109 4610 1205 4660 omnino
1214 4619 1251 4660 est
1260 4616 1372 4660 tractare.
