3512 6010
468 771 534 840 1oe

742 769 800 880 QP'
824 771 988 840 OVIDII
1011 773 1224 842 NASONIS

379 1005 395 1016 .
468 948 703 1046 Illaqnidem
717 947 848 1035 nollet,
861 950 928 1023 sed
942 959 981 1023 te
995 973 1160 1049 quoque,
1173 952 1336 1028 maxime
1348 951 1514 1052 Python,

468 1065 566 1152 Tum
584 1065 734 1162 genuit;
757 1064 984 1164 populisque
999 1067 1117 1154 novis,
1135 1067 1328 1165 incognita
1345 1093 1514 1168 serpens,

466 1180 601 1255 Terror
615 1205 723 1256 eres:
744 1191 892 1255 tantum
910 1182 1022 1280 spatii
1036 1182 1085 1258 de
1103 1193 1231 1260 monte
1249 1187 1407 1260 tenebas
1419 1187 1427 1260 l
1439 1190 1515 1262 440

468 1296 578 1371 Hanc
598 1298 704 1372 Deus
721 1299 946 1387 arcitenens,
960 1310 1000 1374 et
1017 1323 1212 1398 nunquam
1229 1301 1368 1376 talibus
1386 1302 1500 1378 ermis

466 1413 580 1500 Ante,
600 1413 671 1488 nisi
690 1413 727 1487 in
746 1401 866 1490 damis
882 1415 1106 1514 capreisque
1123 1415 1334 1515 fugacibus
1353 1443 1456 1506 usus,

466 1529 573 1606 Mille
591 1555 743 1628 gravem
756 1533 854 1621 telis,
873 1534 1063 1610 exhausta
1079 1557 1191 1633 poene
1208 1535 1401 1634 pharetra,

466 1645 649 1734 Perdidit,
669 1648 789 1723 effuso
808 1674 876 1749 per
892 1652 1047 1726 vulnere
1065 1651 1173 1758 nigre
1188 1675 1346 1726 veneno.

467 1765 573 1842 Neve
591 1766 715 1866 operis
731 1766 870 1842 famam
883 1769 1009 1868 possit
1025 1769 1152 1844 delere
1169 1778 1349 1855 vetustas,
1439 1771 1513 1840 445

469 1881 638 1958 Instituit
655 1908 783 1959 sacros
802 1884 940 1960 celebri
959 1885 1165 1960 certamine
1181 1885 1303 1973 ludos,

464 2127 643 2168 commonstra.
677 2118 786 2168 Monstra
796 2117 963 2170 dicuntureti·

464 2209 503 2242 um
519 2191 686 2260 ᾰτυχὴματαε
705 2201 819 2259 tanquam
836 2211 874 2244 ree
887 2211 964 2254 nove,

463 2277 488 2316 et
497 2266 548 2317 sine
559 2283 623 2316 more
634 2275 791 2317 occurrentes.

497 2345 554 2392 438.
571 2341 670 2405 Noltet.]
689 2343 783 2408 Nempe
796 2341 847 2392 sine
861 2355 906 2392 sue
923 2357 962 2392 vo·

463 2417 563 2474 luntste,
574 2416 697 2465 elementis
707 2416 742 2465 ite
751 2416 910 2482 operantibus,
919 2417 963 2466 lroc

463 2499 597 2557 portentum
613 2500 743 2556 pepererat.
762 2489 860 2554 Python.
875 2490 899 2539 A
915 2490 963 2540 πύ-

464 2566 517 2626 θω;
535 2563 693 2614 exhalationis
708 2564 772 2613 enim
783 2565 932 2631 putredinem
949 2581 965 2616 e

462 2637 554 2687 diluvio
580 2653 677 2704 gravem
696 2638 737 2688 Sol
761 2637 889 2696 radiorum,
911 2647 964 2689 ten·

463 2728 536 2778 quern
552 2711 700 2777 sagittarum,
711 2713 762 2762 ictu
777 2711 911 2763 attenuavit
923 2729 965 2763 er·

462 2781 617 2852 siccavitque.
653 2785 779 2850 Pytlwuem
790 2787 851 2835 lunc
866 2785 965 2836 Homer.

463 2859 490 2912 h.
505 2861 586 2928 Apoll.
603 2877 653 2910 ver.
673 2863 730 2910 302.
746 2871 817 2911 vocet
833 2861 962 2927 ζατρεφέα,

462 2934 584 3002 μεγάλην,
602 2953 674 3001 repat
690 2937 792 3001 dyprov:
810 2935 895 3001 Apoll.
915 2935 964 2986 Rb.

463 3017 543 3059 eutem
563 3007 589 3058 ii.
610 3009 668 3058 708.
687 3005 813 3074 δελφΰνην
833 3009 964 3075 srslldpsov,

463 3081 528 3150 quod
545 3083 672 3150 Spunhem.
690 3081 715 3132 in
734 3079 852 3148 delplvnv
870 3091 963 3134 muten-

464 3157 522 3208 dum
533 3167 616 3209 censet
628 3174 657 3208 ex
670 3157 760 3206 thetz.
769 3157 801 3207 ed
812 3157 930 3223 Lycopbr.
940 3175 964 3224 p.

465 3229 505 3282 48.
538 3231 600 3282 Inde
612 3231 700 3300 Apollo
710 3231 788 3282 dictus
798 3223 901 3282 ereditur
909 3229 962 3282 tu-

482 3326 550 3367 ινιος.

464 3319 480 3375 φ
496 3383 553 3432 489.
586 3375 707 3446 Incognita
735 3377 875 3430 femininum
903 3397 963 3446 prc-

416 3479 417 3486 ¹
463 3459 519 3508 tulit
528 3459 611 3506 Eurm.
618 3455 674 3522 quia
683 3454 763 3504 Schol.
771 3453 884 3520 Apollon.
894 3455 925 3504 ed
935 3453 962 3504 ii.

465 3535 523 3583 708.
542 3531 622 3588 trudit,
642 3529 705 3578 hanc
726 3531 853 3578 descessum
874 3527 964 3578 dictem

464 3624 516 3658 esse
528 3605 654 3673 διλφύνην
663 3619 750 3669 genere
767 3600 887 3652 feminino.

496 3683 553 3732 440.
571 3681 671 3730 Tantum
681 3677 769 3742 spotti]
786 3674 859 3743 Apud
868 3675 964 3728 callim.

462 3772 514 3807 ver.
535 3757 578 3807 93.
598 3757 730 3804 Parnasum
752 3750 859 3816 implicet
880 3767 964 3800 novem

1014 2134 1031 2168 e
1040 2115 1138 2168 ommni.
1162 2115 1226 2168 Vide
1236 2115 1364 2183 Spenbem.
1373 2116 1404 2166 ed
1415 2113 1517 2166 callin-

1014 2194 1068 2246 ucbi
1079 2194 1103 2243 b.
1114 2192 1162 2243 del.
1171 2194 1211 2242 91.

1047 2269 1106 2318 441.
1124 2269 1266 2324 Arcitenens,
1276 2265 1365 2331 Apollo
1374 2266 1516 2332 rolopdpoc,

1013 2343 1124 2404 enidrus,
1135 2357 1221 2408 preses
1234 2336 1407 2406 nginermrum
1422 2349 1447 2389 et
1457 2355 1517 2390 euc-

1014 2425 1050 2467 tor
1061 2415 1119 2467 trtis
1133 2413 1278 2482 sagittandi:
1295 2413 1351 2464 vide
1361 2415 1471 2464 Mecrob.
1480 2413 1515 2463 vi.

1014 2494 1037 2540 5.
1070 2491 1136 2541 inter
1153 2490 1250 2540 Lutinos
1259 2489 1358 2539 Nerius
1367 2489 1457 2556 primus
1470 2488 1516 2538 boc

1013 2565 1185 2616 nomineusus.

1046 2641 1103 2688 442.
1139 2638 1167 2688 ln
1188 2640 1269 2696 domu,
1293 2636 1317 2686 in
1344 2637 1435 2686 demes.
1466 2637 1515 2686 Sed

1013 2711 1100 2780 Apollo
1111 2713 1173 2762 ierus
1185 2711 1259 2777 figens
1269 2711 1334 2779 epod
1347 2709 1407 2761 ulios
1415 2711 1515 2778 scripto·

1013 2804 1051 2840 roe
1062 2803 1111 2837 non
1118 2786 1228 2838 occurrit.
1251 2787 1253 2796 ⁴

1046 2861 1103 2912 448.
1131 2861 1239 2918 Graoem,
1250 2867 1383 2926 gravatam,
1393 2867 1512 2917 onustam,

1013 2935 1119 3002 plenem.
1153 2935 1222 2985 Mitt·
1237 2937 1295 2984 tetis.
1311 2934 1409 2992 Statius,
1420 2951 1442 2984 v.
1452 2935 1512 2984 5³2.

1013 3007 1073 3059 dicit
1094 3009 1246 3059 arundineum
1258 3019 1351 3059 conterno
1367 3009 1461 3058 melum
1470 3009 1511 3057 sil·

1013 3083 1176 3134 convexione.

1046 3157 1102 3208 444.
1130 3155 1218 3224 Nigro,
1246 3155 1285 3206 vel
1312 3155 1369 3221 quia
1394 3165 1515 3222 serpentes

1012 3231 1058 3300 ipsi
1077 3231 1154 3300 poetis
1176 3234 1239 3298 nigri
1259 3231 1379 3287 dicuntur,
1400 3230 1438 3280 vel
1458 3230 1526 3296 quia*

1013 3305 1172 3378 inde‘nigrum
1184 3322 1300 3356 venenum
1311 3303 1452 3372 profluebat.
1476 3305 1515 3354 lte

1014 3379 1083 3446 Virg.
1094 3381 1151 3429 AEn.
1162 3377 1196 3430 ix.
1209 3381 1266 3429 700.
1278 3390 1357 3428 cerum
1372 3381 1473 3437 oulnus5
1491 3387 1514 3428 et

1014 3455 1079 3521 apud
1098 3455 1221 3512 Nostrum,
1240 3455 1341 3504 calidum
1358 3461 1383 3502 et
1391 3453 1514 3517 ferndum

1013 3530 1106 3578 vulnus.

1046 3603 1103 3661 445,
1114 3601 1170 3652 446.
1188 3603 1251 3652 Neue
1267 3605 1347 3666 operis,
1364 3600 1424 3664 etc]
1443 3599 1514 3650 Anti-

1014 3675 1134 3741 quissimis
1144 3675 1287 3742 temporibus
1304 3691 1380 3726 rerum
1398 3691 1514 3724 memora-

1014 3749 1099 3800 bilium
1110 3749 1222 3800 memorie
1230 3747 1294 3799 ludis
1303 3741 1417 3799 institutis
1427 3750 1514 3800 servari

463 3829 569 3888 orbibus,
591 3837 616 3878 et
636 3825 701 3892 epud
721 3825 832 3882 Statium,
849 3824 926 3874 Theb.
945 3824 963 3875 i.
1013 3825 1113 3876 solebat.
1146 3825 1197 3876 Hos
1207 3825 1276 3876 ludos
1286 3823 1416 3876 Diomedes
1426 3825 1516 3892 primus

463 3903 521 3952 563.
533 3901 670 3952 interiectus
683 3908 786 3964 occupet
795 3899 899 3964 spatium
909 3913 965 3948 cen·
1014 3897 1143 3950 instituisse
1151 3899 1176 3950 in
1184 3899 1295 3950 bonorem
1303 3897 1423 3965 Apollinis
1431 3899 1516 3948 crede·

463 3985 514 4026 tum
522 3977 641 4042 jugerum.
661 3973 695 4022 De
704 3983 778 4022 monte
789 3969 881 4030 maluit,
893 3987 964 4038 quern
1013 3973 1099 4024 betur:
1117 3974 1166 4024 vid.
1179 3973 1284 4024 Pousun.
1301 3971 1408 4024 Corinth.
1422 3989 1447 4040 p.
1461 3962 1520 4023 186.

463 4055 589 4108 montis,ut
598 4065 725 4098 concursus
733 4047 831 4096 duorum
841 4046 964 4097 Genitivo-
1016 4045 1063 4097 Per
1072 4047 1144 4097 breve
1160 4056 1255 4114 tempus
1269 4064 1331 4097 nono
1342 4063 1436 4112 quoque
1453 4063 1516 4096 anno
1534 4045 1536 4051 ’

464 4141 515 4175 rum
531 4121 651 4173 vitaretur.
684 4123 721 4170 De
738 4131 820 4179 monte,
833 4118 965 4172 Parnasum
1013 4123 1136 4180 celebrati,
1147 4121 1251 4173 renovati
1261 4121 1318 4171 eunt
1331 4121 1363 4172 eb
1372 4119 1516 4188 Amphicty-

463 4210 569 4249 montem
589 4198 693 4255 tenebat,
709 4194 791 4262 ibique
807 4195 845 4244 vel
866 4196 963 4246 orecule
1013 4213 1052 4246 on.
1063 4212 1086 4247 a.
1099 4199 1122 4246 8.
1133 4196 1232 4264 Olymp.
1242 4199 1281 4247 48.
1290 4205 1315 4246 et
1325 4203 1410 4262 questo
1420 4212 1516 4262 quoque

462 4271 557 4334 edebat,
566 4271 605 4323 vel
620 4269 751 4322 secundnm
763 4269 901 4336 Apollodor.
910 4286 962 4320 ore-
1012 4269 1456 4337 ennohabiti:l²ensen.l'bocp.813.
1468 4270 1515 4320 Ce-

463 4350 543 4400 culum
570 4347 732 4400 custodiebat:
767 4334 834 4394 ncrn*
849 4344 963 4396 dracones
1011 4345 1253 4396 lebrebentureutem
1265 4343 1515 4411 nonproculeburbe

463 4441 526 4491 sepe
546 4421 657 4474 custodes
672 4421 777 4470 locorum
797 4429 872 4469 erent.
905 4419 962 4470 Vid.
1012 4416 1102 4477 Crisse,
1118 4436 1172 4486 que
1187 4417 1243 4469 inde
1257 4417 1343 4485 Pytho,
1359 4428 1439 4484 postes
1456 4418 1516 4467 Del-

464 4499 497 4549 ad
514 4495 548 4549 iii.
569 4501 609 4549 ³1.
642 4495 673 4545 Et
691 4493 795 4561 tripodes
816 4491 840 4541 in
861 4493 964 4543 nummis
1012 4491 1054 4560 phi
1070 4491 1136 4543 dicte
1151 4503 1195 4543 est.
1228 4491 1515 4559 docetquoniaminho·

465 4573 532 4624 multi
544 4568 707 4625 circumvoluti
717 4565 859 4618 draconibus
869 4567 963 4634 conspi-
1012 4583 1092 4617 norem
1103 4567 1150 4616 Dei
1169 4567 1327 4618 celebrentur.
1362 4565 1450 4616 celebri
1464 4581 1515 4614 eer-

465 4647 567 4706 ciuotur,
578 4647 634 4714 qnia
651 4643 722 4695 draco
740 4651 820 4708 eptum
839 4639 870 4690 ed
881 4641 963 4705 auguri
1014 4645 1105 4697 tamine,
1116 4639 1141 4690 in
1158 4639 1245 4707 quibus
1261 4640 1333 4691 totius
1348 4638 1395 4690 lere
1410 4637 1512 4690 Grecie
