3468 5994
440 847 443 852 .
473 787 540 852 802
572 828 575 836 ·
769 785 808 849 P.
830 782 992 850 ovtnlt
1016 781 1228 850 NASONIS

478 959 574 1034 Pars
593 960 687 1034 alias
705 970 819 1047 artes,
838 959 1004 1057 antiquae
1022 959 1233 1032 imitamina
1248 958 1346 1032 vitae.
1451 959 1525 1028 445

478 1075 650 1152 Sustinet
666 1077 720 1150 ire
736 1077 840 1162 illuc,
859 1075 1004 1150 coelcsti
1023 1074 1114 1150 sede
1132 1075 1274 1162 relicta,

476 1191 641 1266 Tantum
658 1193 754 1266 odiis
772 1193 913 1292 iraeque
930 1193 1065 1266 dabat!
1095 1192 1272 1266 Saturnia
1288 1191 1403 1265 luno,

477 1306 563 1392 Quo
581 1307 691 1382 simul
709 1307 873 1396 intravit,
893 1332 1078 1407 sacroque
1093 1333 1116 1383 a
1132 1332 1292 1408 corpore
1309 1329 1481 1406 pressum

476 1423 669 1520 Ingemuit
685 1425 821 1514 limen:
849 1427 921 1498 tria
935 1425 1125 1500 Cerberus
1144 1424 1280 1500 extulit
1297 1449 1373 1510 ora,

479 1540 529 1614 Et
545 1552 622 1616 tres
639 1542 796 1616 latratus
814 1539 925 1615 sim'ul
945 1541 1086 1630 edidit:
1116 1541 1179 1616 illa
1196 1565 1341 1616 sorores
1451 1543 1524 1612 450

477 1657 601 1734 Nocte
618 1669 729 1732 vocat
745 1659 903 1755 genitas
919 1681 1031 1754 grave
1048 1669 1087 1732 et
1103 1658 1340 1757 implacabile
1358 1678 1508 1730 numen.

477 1773 651 1848 Carceris
669 1788 756 1849 ante
773 1774 871 1849 fores
889 1775 1037 1848 clausas
1056 1773 1256 1848 adamante
1274 1774 1479 1860 sedebant:

477 1889 614 1988 Deque
633 1891 711 1965 suis
730 1903 830 1966 atros
848 1891 1054 1990 pectebant
1070 1890 1236 1964 crinibus
1255 1913 1419 1987 angues:

478 2006 602 2091 Quam
621 2008 732 2082 simul
750 2011 936 2106 agnorunt
952 2009 1050 2082 inter
1066 2008 1238 2105 caliginis
1255 2009 1419 2094 umbras,

384 2223 386 2230 X
479 2122 686 2201 Surrexere
705 2125 820 2199 Deae:
850 2123 961 2199 sedes
980 2124 1167 2198 scelerata
1183 2134 1348 2198 vocatur.
1451 2125 1524 2196 455

476 2239 633 2316 Viscera
649 2243 845 2340 praebebat
861 2241 994 2341 Tityos
1012 2241 1209 2332 lanianda;
1238 2263 1450 2339 novemque

508 2499 564 2548 445.
584 2497 643 2557 Alii,
659 2501 719 2550 olins
736 2513 804 2557 ortes,
820 2511 901 2566 repete
916 2504 973 2551 cele·
1024 2501 1314 2568 namucensium
1331 2498 1439 2550 exorari:
1456 2498 1521 2564 ἀμεί-

476 2574 552 2631 brom,
563 2573 588 2622 id
605 2583 651 2632 est,
663 2587 783 2634 exercent,
794 2577 867 2642 idque
883 2576 975 2626 faciunt
1024 2578 1100 2642 λιχον
1108 2576 1169 2642 ἦτορ
1180 2577 1281 2641 ἔχουσα.
1302 2576 1400 2624 Homer.
1407 2574 1437 2623 Il.
1444 2573 1525 2623 i.568.

475 2648 505 2697 nd
526 2649 691 2698 imitationem.
725 2652 840 2715 Antipera,
859 2652 975 2716 pristina,
1026 2652 1118 2700 Numen
1128 2652 1253 2701 collective
1262 2650 1293 2700 de
1303 2650 1385 2700 tribus.
1414 2651 1525 2704 Carenis,

477 2721 568 2788 prioris,
581 2727 640 2772 nita.
674 2724 729 2773 Non
740 2723 831 2782 dubito,
842 2739 897 2774 curn
907 2725 975 2774 Selii·
1024 2724 1438 2792 tartumqnodetinenturscelemti.
1464 2726 1526 2773 Ante

475 2797 565 2854 rachio,
573 2797 630 2863 quin
641 2798 776 2849 reddendus
787 2801 875 2849 Nostro
885 2800 917 2848 sit
924 2817 974 2849 ver·
1016 2798 1091 2865 fores,
1108 2800 1149 2849 ubi
1168 2815 1248 2849 earnm
1271 2798 1356 2848 sedes:
1375 2797 1426 2848 vid.
1446 2799 1523 2863 Heyn.

475 2885 516 2920 sus
530 2872 561 2920 ab
576 2872 674 2921 Heinsio
690 2883 715 2922 et
726 2875 862 2924 Burmanoo
878 2875 975 2940 ejectus,
1026 2875 1056 2924 nd
1069 2875 1166 2925 AEneid.
1177 2875 1209 2923 vi.
1220 2875 1276 2924 280.
1310 2876 1446 2931 Admnnnte.
1458 2875 1525 2931 {erra

477 2945 597 2995 Exercent.
637 2948 714 2996 Aliam
732 2958 819 3011 portem
840 2966 883 2996 suo
909 2965 976 3011 pono
1026 2950 1108 3000 terreis
1123 2948 1240 3000 claustris.
1273 2949 1337 2997 Nem
1358 2947 1454 3014 ἅδιιμας
1470 2965 1523 3015 pro·

475 3031 568 3070 coercet
589 3023 652 3070 Nam
661 3021 762 3087 primum
770 3023 870 3071 affirmet
878 3021 976 3088 quidem
1026 3023 1076 3089 pn'e
1087 3023 1117 3073 de
1132 3025 1200 3072 ferro.
1233 3023 1297 3072 Fast.
1312 3022 1348 3072 iii.
1360 3023 1416 3072 805.
1428 3040 1456 3072 ex
1468 3025 1524 3072 nrb-

475 3095 975 3160 lleinsiusseidsecisseenctoriteteopti-
1027 3101 1215 3147 montemnis.
1248 3096 1372 3162 Quidquid
1393 3098 1479 3146 durum
1499 3107 1523 3146 et

475 3186 566 3219 morum
576 3169 702 3226 Codicum,
713 3188 794 3222 rernm
810 3187 857 3220 non
871 3171 977 3220 nominat
1025 3173 1083 3222 satis
1093 3175 1209 3222 munitum
1220 3181 1265 3229 est,
1277 3175 1450 3222 adamantinum
1457 3173 1524 3222 Gre-

475 3243 529 3296 illos
536 3247 661 3296 Codices.⁸
680 3247 776 3297 Deinde
786 3247 876 3313 plenior
886 3247 913 3295 lit
923 3263 975 3296 sen·
1027 3247 1062 3294 cis
1078 3255 1103 3296 et
1114 3247 1204 3296 Latinis
1214 3246 1316 3296 dicitur:
1335 3245 1388 3296 vide
1404 3247 1484 3296 ὕων.
1494 3247 1525 3296 erl

475 3337 516 3370 sus
526 3333 619 3371 servato
630 3322 674 3370 hoo
684 3339 762 3372 versu.
797 3322 978 3379 Coerceacnsti-
1028 3321 1127 3371 Hesiod.
1144 3323 1272 3371 Sentrer.
1285 3323 1339 3370 136.
1373 3321 1448 3370 Furias
1465 3331 1523 3370 tenr-

475 3403 582 3458 gatsun.
592 3395 686 3461 propria
697 3404 720 3444 et
732 3396 815 3444 merite
825 3412 905 3462 poene.
922 3397 976 3445 Sne·
1027 3397 1089 3462 poris
1104 3395 1202 3444 tollendi
1217 3410 1292 3444 eausa
1305 3413 1400 3461 angues,
1410 3411 1469 3459 quos
1481 3412 1525 3462 pro

476 3471 581 3526 sinemus,
599 3485 653 3533 quse
675 3468 743 3518 inviti
764 3470 870 3519 iacimus.
904 3471 976 3528 Dare,
1026 3469 1140 3526 crinibus,
1152 3478 1193 3519 ant
1203 3469 1309 3518 crinibus
1318 3471 1527 3536 implexosfflrg.

475 3542 596 3594 inservire.
1027 3543 1114 3609 Georg.
1128 3543 1160 3594 iv.
1176 3543 1238 3606 482)
1255 3543 1383 3601 habebant,
1399 3546 1524 3606 pecudum,

510 3621 567 3668 449.
586 3617 711 3684 Ingemuit,
727 3617 827 3685 crepnit.
863 3618 975 3677 Geminis,
1025 3629 1052 3668 ut
1068 3618 1145 3668 solent
1160 3618 1241 3667 otiose
1258 3620 1334 3667 crines
1345 3633 1436 3668 curare.
1449 3617 1475 3669 ii.
1486 3619 1524 3667 12.

475 3693 551 3741 omnis
578 3708 657 3748 soom,
683 3708 755 3757 quem
778 3707 816 3741 res
840 3691 976 3742 inanimus
1027 3692 1199 3758 Foedqimego.

476 3766 612 3823 denudum
628 3764 976 3831 edcantudpubamur‚ban·
1056 3769 1117 3816 454.
1147 3767 1354 3824 Quom-umbros,
1381 3775 1409 3816 nt
1434 3769 1526 3818 AEneas

475 3849 571 3904 guntur.
606 3841 716 3891 corbem
733 3841 773 3890 bic
790 3849 845 3890 anta
863 3840 931 3898 iores.
945 3835 976 3891 'nt
1026 3841 1146 3890 Didonem
1157 3839 1405 3905 Virgil.vi.452.nbi
1419 3843 1526 3908 coliginis

475 3915 555 3963 libul.
567 3917 590 3964 Ι.
602 3915 636 3964 iii.
647 3917 688 3964 71.
703 3915 734 3964 ad
752 3917 886 3981 exemplum
903 3917 975 3981 prisci
1025 3915 1089 3966 illins
1105 3915 1166 3965 ratio
1180 3915 1329 3966 describitur.
1362 3917 1484 3967 Serranam
1499 3918 1525 3967 in

476 3989 530 4044 nvi,
545 3989 586 4038 ubi
603 3988 700 4039 maximi
718 4005 791 4038 cenes
807 3989 838 4038 ed
857 3989 974 4054 regiarum
1025 3989 1136 4040 honorem
1147 3989 1371 4040 advenientisDere.
1404 3993 1470 4040 Sedes
1479 4009 1526 4042 sce-

476 4064 563 4112 redinrn
574 4065 635 4114 lorea
644 4063 757 4114 excubias
767 4065 877 4129 agebant
902 4065 975 4132 Apud
1025 4067 1108 4115 tereto
1142 4065 1228 4128 Virgil.
1241 4066 1343 4115 AEnvi.
1358 4067 1523 4116 enumerem-

476 4137 613 4202 Virgilium,
623 4155 693 4189 versu
708 4139 765 4189 417.
775 4148 841 4188 treus
851 4139 973 4190 Acheron·
1025 4151 1074 4189 tum
1084 4141 1151 4189 limen
1158 4157 1166 4198 ς
1188 4137 1269 4188 Tibul.
1298 4143 1329 4189 Ar
1344 4143 1526 4203 scelerntnjmr

475 4221 524 4260 tem
541 4221 635 4262 autrum
651 4213 732 4271 babet,
743 4213 808 4264 unde
826 4217 914 4262 lntrnrn
930 4219 973 4265 tri-
1022 4217 1115 4264 uanas
1125 4213 1324 4279 nectepmsnndn.

466 4287 540 4351 senei
556 4299 671 4350 personat.
706 4289 737 4337 Et
755 4299 808 4346 tres,
823 4298 870 4338 etc.
902 4289 973 4339 Com·
1057 4289 1113 4336 456.
1128 4288 1412 4352 74ςσπαρνιὺεὸαῑ,οῐο.]
1426 4287 1524 4354 Depre·

476 4361 545 4410 mode
560 4362 672 4412 laudatur
689 4379 705 4412 s
720 4365 872 4422 Bormanon:
888 4363 975 4413 Lucia·
1023 4360 1060 4410 nis
1071 4361 1233 4412 infernalibus.
1266 4363 1329 4412 Fons
1344 4371 1369 4412 et
1384 4362 1470 4411 londin
1482 4361 1514 4411 he

476 4451 529 4493 nus.
541 4435 566 4485 in
577 4437 739 4487 Hermotimo:
759 4439 810 4488 xat
819 4439 901 4504 φωνὰς
911 4439 976 4504 τρεῖς
1024 4453 1076 4484 rom
1085 4436 1217 4486 tabularum
1228 4445 1264 4486 est
1272 4437 1367 4487 Homeri
1378 4437 1427 4486 Od.
1437 4443 1467 4486 Λ.
1476 4439 1529 4486 675

474 4511 609 4576 ἄμαήφίει.
1024 4527 1076 4576 sqq.
1111 4511 1182 4560 Coos.
1195 4513 1284 4561 Noster
1293 4512 1325 4562 ib.
1336 4515 1382 4562 175
1392 4529 1446 4578 sqq.
1478 4513 1528 4560 Lu·

508 4587 565 4634 ⁴51.
584 4586 634 4633 Nos
645 4584 726 4635 Furios
740 4602 789 4634 nno
806 4597 876 4653 partu
891 4585 975 4636 edidit.
1024 4593 1084 4634 eret.
1094 4585 1130 4636 iii.
1139 4587 1188 4636 995
1199 4602 1252 4651 sqq.
1259 4585 1289 4636 de
1297 4585 1357 4636 vivis
1367 4586 1419 4636 hec
1429 4585 1530 4651 capien-

478 4661 563 4714 Grave.
574 4658 670 4710 noxium
685 4667 709 4708 et
719 4658 828 4709 seviens.
862 4657 975 4722 Impleeo·
1025 4659 1118 4712 dame
1134 4669 1222 4720 monet,
1234 4669 1261 4712 nt
1271 4661 1388 4712 Tantalus
1401 4661 1433 4711 sit
1447 4662 1533 4728 imago
