3512 6010
457 741 459 748 ’
489 777 553 842 142
770 775 809 841 r.
835 773 996 840 orlon
1022 772 1235 839 nuscum

487 951 645 1048 Argenti
663 950 801 1024 bifores
819 949 1017 1024 radiabant
1030 923 1171 1022 lumine
1188 948 1317 1023 valvae.

488 1067 689 1144 Materiem
708 1068 912 1166 superabat
929 1091 1046 1166 opus:
1076 1091 1162 1140 nam
1178 1065 1367 1139 Mulciber
1385 1064 1460 1139 illic
1513 1069 1537 1140 5

486 1185 655 1282 AEquora
671 1182 835 1272 caelarat,
855 1184 999 1257 medias
1013 1183 1202 1279 cingentia
1221 1193 1352 1268 terrae,

486 1300 762 1398 Terrarumque
797 1301 940 1388 orbem,
969 1302 1196 1399 coelumque‚
1228 1300 1332 1398 quod
1367 1298 1539 1373 imminet

552 1477 557 1484 .
638 1416 733 1489 orbi.

380 1521 381 1528 ἵ
489 1531 682 1607 Caeruleos
700 1534 816 1608 habet
834 1533 936 1608 unda
954 1534 1080 1625 Deos;
1101 1533 1257 1608 Tritona
1273 1557 1463 1620 canorum,

488 1648 705 1749 Proteaque
723 1651 954 1748 ambiguum,
973 1653 1281 1748 balaenarumque
1301 1660 1536 1748 prementem

488 1881 608 1932 Ceterum
624 1883 655 1934 de
669 1883 798 1950 dignitate,
811 1899 884 1949 quarn
895 1883 993 1951 templie
1038 1881 1141 1943 trabatur,
1153 1899 1224 1951 quem
1235 1884 1275 1932 Sol
1285 1884 1340 1933 luce
1350 1897 1393 1932 sna
1404 1882 1536 1932 collustrat.

487 1956 579 2006 addunt
595 1960 704 2008 columne
722 1967 746 2008 et
756 1957 868 2025 fastigio,
886 1959 918 2009 cl.
936 1960 989 2010 Cic.
1039 1962 1078 2010 De
1088 1961 1160 2010 uoluit
1169 1959 1310 2023 templorum
1321 1973 1363 2023 per
1377 1957 1435 2006 talia
1446 1955 1536 2005 emble·

487 2031 650 2084 omittet.
1037 2043 1103 2084 mata
1124 2033 1250 2100 magnifice
1273 2031 1391 2083 exornatis
1411 2031 1465 2080 vide
1485 2031 1539 2080 Cic.

520 2107 544 2153 4.
561 2109 660 2172 Argenti
676 2105 780 2172 bifurca]
802 2106 882 2156 Etiam
898 2107 989 2158 loribus
1038 2109 1105 2158 Verr.
1123 2109 1156 2158 iv.
1174 2109 1207 2159 56
1217 2126 1224 2168 ;
1252 2107 1316 2157 Plin.
1334 2107 1368 2155 H.
1388 2107 1420 2154 N.
1438 2106 1471 2154 ix.
1492 2107 1537 2166 13;

394 2209 395 2214 =
487 2194 587 2245 magnus
607 2181 740 2230 addebatur
767 2189 878 2242 umatus3
903 2181 987 2248 itaque
1038 2181 1321 2248 Virgil.Georg.iii.26.
1345 2181 1467 2230 Mulciber.
1491 2179 1537 2230 'l'er

486 2269 580 2320 temper
595 2271 676 2306 earum
692 2256 719 2304 dt
736 2255 826 2305 mentio
842 2255 867 2306 in
884 2255 988 2322 deacrip-
1038 2257 1073 2307 lie
1088 2274 1160 2324 opere
1175 2258 1297 2307 elaborare
1313 2255 1407 2305 rotabat
1424 2255 1540 2304 Mulciber

486 2327 590 2378 tionibne
609 2329 743 2396 regiarum:
761 2329 794 2379 cl.
812 2329 884 2378 Hom.
897 2329 946 2380 Od.
962 2335 989 2382 Ζ.
1038 2348 1081 2381 eeu
1098 2332 1229 2388 Vulcanus,
1239 2329 1358 2380 fabrilium
1375 2329 1459 2378 artium
1477 2345 1538 2396 pree·

489 2403 519 2452 19
525 2403 632 2464 ;P.267.
639 2403 799 2471 inprimieque
808 2405 877 2454 rae-2
884 2421 937 2470 sqq.
948 2403 989 2454 nbi
1039 2423 1077 2456 aee
1093 2415 1118 2456 et
1135 2423 1185 2463 rer,
1195 2406 1237 2472 qui
1253 2403 1333 2454 omnia
1347 2403 1452 2452 Deorum
1466 2419 1538 2470 opera

488 2477 554 2543 regia
565 2477 661 2527 Alcinoi
673 2478 823 2529 describitur.
846 2479 988 2540 Curebetnr,
1039 2481 1247 2532 metallicelecerc
1257 2480 1357 2530 nolebat
1391 2479 1540 2544 Cebarsu-

487 2560 514 2601 ut
525 2559 603 2601 eeeent
617 2553 723 2619 εὐεργεῐς
736 2561 761 2602 et
770 2553 877 2618 φαειναί.
914 2554 989 2604 Veloe
1038 2574 1074 2607 rer
1084 2556 1266 2607 babebetetiam
1274 2553 1433 2620 Capitolium:
1450 2553 1538 2605 Claud.

485 2625 511 2674 in
522 2625 842 2694 primiaeranttemplorum
853 2636 878 2678 et
889 2629 988 2696 compli·
1039 2631 1122 2682 xxviii.
1142 2633 1182 2682 46.
1222 2631 1254 2679 Et
1276 2637 1345 2678 erant
1364 2631 1445 2680 celato
1466 2645 1538 2694 opera

487 2701 602 2750 cabantur
618 2701 661 2759 ite,
672 2712 699 2751 ut
713 2701 738 2751 in
755 2717 781 2751 ee
795 2701 860 2768 ipsas
873 2702 938 2754 intur
952 2719 989 2754 re·
1038 2705 1136 2756 maximi
1154 2703 1233 2772 pretii.
1266 2703 1306 2752 De
1323 2704 1401 2753 verbis
1415 2705 1497 2754 celet-e
1515 2712 1540 2753 et

485 2775 654 2826 volverentur:
673 2776 728 2826 vide
745 2777 829 2827 Barth.
844 2777 946 2828 Advem.
957 2778 990 2828 nl.
1037 2779 1146 2846 τορεύειν
1152 2779 1207 2830 vide
1215 2780 1295 2844 Heyn.
1305 2777 1331 2827 in
1342 2780 1422 2842 Antiq.
1432 2777 1541 2844 Aestuet·

492 2852 530 2900 10.
562 2850 626 2900 Hinc
642 2852 725 2918 bjbree
738 2854 817 2910 ratu,
828 2852 901 2918 θύραι
912 2850 989 2902 duell·
1038 2869 1087 2902 ren.
1103 2853 1168 2904 P.ii.
1182 2869 1207 2919 p.
1218 2855 1266 2903 1³0
1281 2868 1335 2918 rqq.
1348 2850 1389 2902 ubi
1403 2851 1485 2911 docet,
1497 2851 1540 2902 ille
1569 2847 1575 2870 ¹

488 2924 535 2986 dec,
546 2924 700 2992 drdnpwrae.
725 2926 810 2977 valve
823 2927 905 2994 templi
916 2927 989 2994 Capi·
1038 2926 1088 2976 lere
1106 2943 1198 2994 mmper
1218 2925 1268 2976 dici
1288 2927 1319 2976 de
1338 2941 1409 2992 opere
1428 2926 1539 2992 plastico.

488 2999 557 3049 tolini
577 2999 671 3050 laminir
690 2997 769 3050 aureis
785 3000 896 3051 obductae
914 3013 989 3061 erant,
1039 3001 1184 3067 Quanquam
1201 3003 1270 3068 tigne
1283 2999 1401 3052 interdurn
1418 3009 1443 3050 et
1453 3001 1540 3066 illigtri

487 3073 575 3125 eedbae
586 3084 671 3124 nocue
682 3083 788 3141 argento.
823 3077 857 3125 Ut
865 3076 904 3126 bic
913 3077 989 3128 lemen
1038 3076 1153 3126 nolebant.
1290 3133 1293 3140 ¹

486 3153 587 3216 argenti,
603 3148 638 3199 aio
654 3149 711 3199 Vel.
723 3149 789 3200 Flac.
805 3149 841 3199 iii.
860 3151 914 3199 100.
923 3151 990 3216 seret
1072 3152 1094 3200 7.
1107 3151 1174 3206 Quod
1183 3154 1284 3200 maturet
1294 3149 1364 3213 orbe]
1382 3148 1484 3198 Nomine
1500 3165 1538 3200 ot·

489 3226 573 3282 lemen,
584 3224 653 3275 eain
662 3225 811 3290 splendorem
821 3224 880 3276 dati.
914 3225 989 3276 Redi·
1038 3224 1084 3286 bie,
1102 3225 1142 3275 hic
1158 3241 1219 3293 cepe
1235 3239 1324 3283 aerem,
1336 3231 1432 3282 terrem,
1444 3239 1539 3290 aquen.

487 3317 529 3348 are
541 3301 639 3350 verbum
648 3300 753 3366 antique
765 3299 900 3366 elegantia,
908 3301 990 3367 judico
1039 3316 1139 3365 quorum
1160 3301 1227 3350 uelut
1242 3307 1338 3361 ,tectum
1359 3297 1479 3363 quoddam
1503 3307 1541 3348 eet

488 3374 593 3425 Brouklr.
605 3375 636 3424 ed
646 3375 753 3442 Ptopert.
761 3373 782 3424 l.
795 3391 835 3426 xv.
845 3377 869 3424 7.
881 3375 922 3425 ubi
936 3377 990 3442 plu·
1038 3375 1136 3425 coelum.

488 3459 559 3500 tecet
570 3451 639 3500 Nost.
650 3449 719 3500 Pont.
730 3448 821 3500 Ill.iv.
833 3451 990 3501 taanenu·
1072 3450 1097 3498 θ.
1109 3449 1205 3498 Tritone
1218 3465 1336 3504 cenerum,
1347 3454 1384 3496 eet
1397 3446 1462 3498 enin
1477 3446 1541 3498 tubi·

486 3525 631 3591 accipientes
640 3525 720 3575 refert.
752 3523 988 3576 Sedalibiferevim
1038 3521 1215 3590 oenNeptuni:
1234 3520 1431 3572 ademtam.

488 3600 591 3649 activam
603 3599 682 3657 habet,
693 3600 845 3668 splendorem
855 3599 922 3649 dare.
1069 3599 1094 3648 9.
1109 3597 1236 3662 Protwqru
1253 3596 1406 3663 ambiguum]
1425 3595 1464 3644 De
1479 3595 1539 3659 Pre-

520 3678 545 3724 6.
567 3675 688 3725 Mutet-tem
709 3675 766 3740 (ric,
788 3691 835 3724 non
854 3677 988 3724 materian.-
1038 3679 1072 3720 teu
1087 3671 1153 3721 bour
1168 3671 1262 3721 clamic.
1276 3679 1313 3720 eet
1324 3670 1391 3734 Virg.
1402 3671 1491 3734 Georg.
1501 3668 1536 3720 ir.

486 3748 537 3798 tid.
548 3749 647 3799 Salmas.
658 3749 690 3799 ad
701 3749 775 3800 Solin.
786 3767 810 3816 p.
822 3751 883 3808 328)
894 3765 987 3812 erpwa-
1038 3747 1178 3796 387-450,
1201 3745 1260 3796 Erat
1269 3753 1350 3795 autem
1363 3745 1461 3794 Proteut
1472 3752 1539 3794 vetet

488 3825 526 3871 bnt
537 3841 601 3886 φικ,
613 3834 639 3874 ut
647 3825 696 3874 fleri
706 3825 767 3874 rotet
777 3825 802 3874 in
811 3823 920 3889 cperibua
931 3824 988 3873 arti·
1037 3837 1108 3872 eenex
1119 3829 1143 3870 et
1154 3821 1223 3871 Deae
1233 3819 1346 3877 marinus,
1356 3818 1396 3868 cui
1410 3820 1539 3885 Neptunus

488 3897 568 3946 ficioee
578 3899 707 3948 lubricatis.
741 3899 804 3962 Opus
818 3907 898 3947 autem
914 3914 989 3964 quum
1038 3911 1120 3944 curam
1126 3905 1283 3946 armentorum
1292 3909 1397 3951 euomm,
1406 3893 1460 3944 lue.
1470 3909 1538 3944 mon·

488 3970 520 4020 de
531 3971 600 4019 rebor
611 3981 660 4020 erte
672 3971 741 4021 lactis
749 3971 843 4029 dicitur,
856 3972 988 4038 etopponi·
1038 3979 1138 4020 utrorum
1157 3970 1308 4027 marinorum.
1320 3969 1458 4020 tradiderat.
1486 3972 1540 4018 dm·

488 4053 528 4093 tur
543 4049 651 4100 materie,
663 4043 848 4094 elaborationem
865 4045 990 4110 significet.
1038 4045 1142 4110 liguum
1167 4052 1298 4094 mutmtem
1320 4044 1409 4099 vultus.
1431 4051 1458 4092 ut
1484 4059 1539 4092 eum

489 4116 577 4166 Claud.
587 4133 611 4165 ιι.
622 4118 664 4166 at.
675 4117 706 4166 de
717 4119 782 4183 regia
789 4119 902 4169 Veneria:
921 4119 989 4168 Inte·
1039 4126 1110 4168 vocat
1129 4119 1216 4170 Horat.
1234 4118 1256 4168 I.
1278 4119 1324 4184 up.
1343 4117 1360 4168 i.
1382 4119 1423 4168 90.
1457 4119 1542 4168 Variae

489 4192 543 4239 nior
553 4191 672 4238 buetlnm
679 4196 772 4256 gemente
777 4195 989 4252 exstruae'tetenrn,
1038 4192 1102 4242 enim
1112 4193 1199 4243 formae
1208 4193 1321 4242 inducere
1329 4194 1423 4243 solebat
1430 4194 1540 4250 Proteue,

490 4267 699 4314 Admiecenrnrtem
707 4269 788 4328 pretio.
803 4267 989 4318 Artillceeinlo-
1039 4266 1074 4316 ita
1088 4277 1115 4317 nt
1129 4267 1201 4317 modo
1217 4283 1275 4333 aper
1291 4277 1363 4326 emet,
1375 4268 1447 4318 modo
1463 4269 1539 4326 arbor,

489 4339 988 4409 ribue‚clypeir,balteieeliiequeoperibus,
1039 4357 1094 4392 mox
1115 4343 1249 4408 inaquam
1269 4359 1295 4394 ee
1317 4353 1467 4403 extenuaret,
1485 4359 1539 4394 mox

488 4429 527 4463 ree
541 4412 707 4463 memorabile·
721 4413 852 4479 exprimere
864 4415 989 4478 nolebant;
1038 4415 1101 4482 ignis
1117 4419 1220 4484 epeciem
1239 4429 1351 4478 numeret,
1371 4421 1402 4469 cl.
1421 4417 1471 4468 viii.
1492 4420 1539 4468 732

490 4497 563 4553 atque
573 4486 597 4536 in
607 4486 659 4536 ittie
673 4486 818 4551 argumentis
827 4488 989 4539 describendis
1038 4505 1092 4556 eqq.
1106 4491 1147 4542 ubi
1161 4493 1213 4558 ejue
1228 4493 1329 4544 fictionis
1344 4509 1440 4544 caueam
1457 4492 1539 4544 attuli·

488 4563 585 4628 placent
605 4562 649 4612 ribi
671 4571 755 4628 poete,
777 4563 848 4612 llom.
870 4564 987 4631 exemplo.
1037 4581 1099 4615 mue.
1139 4567 1293 4632 Trnntsonnr'a
1313 4582 1410 4620 vocatur
1431 4569 1497 4618 Faat.
1521 4566 1539 4616 i.

490 4639 519 4686 ln
531 4637 567 4687 bie
578 4635 665 4688 loribus
676 4636 778 4686 mundus
786 4637 908 4687 universus
917 4651 986 4704 epec-
1038 4639 1095 4688 373.
