3588 6000
465 779 515 850 82
762 777 800 843 P.
825 775 988 842 OVIDII
1013 773 1226 842 NASONIS

464 937 662 1028 Persusam
681 953 801 1028 multo
817 961 991 1028 natorum
1008 949 1192 1046 sanguine
1210 948 1366 1024 Terram

463 1069 672 1144 incaluisse
690 1069 827 1155 ferunt,
846 1068 1088 1165 calidumque
1110 1067 1298 1141 animasse
1321 1089 1514 1155 cruorem;

463 1185 527 1272 Et,
539 1209 588 1258 oe
601 1185 704 1258 nulla
721 1209 799 1258 suae
819 1183 947 1282 stirpis
961 1182 1206 1257 monumenta
1219 1192 1428 1269 manerent,
1447 1187 1516 1258 159

465 1299 664 1374 infaciem
681 1302 839 1374 vertisse
857 1299 1074 1374 hominum:
1097 1301 1164 1375 sed
1183 1311 1222 1373 et
1236 1299 1301 1374 illa
1317 1323 1485 1398 propago

465 1416 702 1490 Contemtrix
723 1417 924 1514 Superum,
945 1439 1134 1514 saevaeque
1152 1415 1370 1491 avidissima
1388 1415 1517 1501 caedis',

464 1529 516 1606 Et
532 1531 698 1605 violentax
712 1531 805 1606 fuit:
836 1515 952 1606 scires
972 1556 994 1605 e
1012 1533 1194 1630 sanguine
1212 1543 1335 1608 natos,

514 1648 582 1723 IV.
613 1647 708 1733 Quae
726 1659 834 1748 pater
851 1661 894 1724 ut
912 1673 1061 1724 summa
1076 1649 1171 1725 vidit
1191 1649 1390 1734 Saturnius
1419 1671 1521 1735 erce.
1631 1661 1635 1666 '

498 1884 553 1934 157.
571 1883 813 1949 Multo-sauguine]
832 1883 918 1934 Heius.
936 1900 965 1934 ex
1017 1900 1064 1950 quo
1077 1893 1177 1948 utroque
1191 1883 1243 1932 loco
1260 1881 1303 1931 filii
1320 1879 1444 1948 Lycaonis,
1456 1881 1520 1947 qnod
1588 1926 1594 1945 ,

463 1971 510 2006 uno
537 1956 605 2006 Leid.
631 1957 718 2007 arridet
741 1961 821 2007 merito
847 1959 966 2024 unguine.
1017 1958 1056 2008 hie
1071 1957 1171 2008 truditur
1181 1957 1323 2024 periculum,
1333 1959 1358 2005 in
1369 1957 1430 2006 Jove
1441 1957 1520 2004 iecere

464 2031 541 2080 Immo
556 2032 580 2080 iu
591 2033 663 2080 mutto
672 2046 746 2080 causa
759 2034 910 2082 immemor·
917 2050 926 2091 ,-
943 2040 968 2081 et
1016 2041 1140 2088 conantur,
1152 2048 1224 2098 quem
1236 2033 1266 2081 ob
1276 2047 1373 2081 eeurnm
1385 2029 1431 2096 ipei
1440 2029 1520 2079 tulmi-

463 2109 551 2156 muttur
572 2121 623 2154 erre
643 2107 748 2156 debebat
763 2107 901 2155 immanium
921 2105 966 2156 Gi·
1018 2123 1048 2155 ne
1067 2115 1198 2168 necentur3
1215 2115 1282 2171 peter
1296 2117 1375 2155 autem
1389 2105 1521 2154 secundum

462 2191 562 2245 gentum
590 2194 667 2228 emor.
711 2180 757 2228 Pro
785 2180 879 2228 Terram
906 2195 968 2228 unus
1018 2180 1107 2245 Hygia.
1123 2181 1149 2229 in
1167 2181 1250 2246 lupum
1266 2179 1420 2235 convertitur,
1435 2194 1520 2228 recun-

463 2253 547 2304 Heinr.
559 2263 663 2310 matrem,
671 2253 735 2318 quod
746 2254 841 2318 prefert
848 2255 929 2304 Bnrm.
941 2260 968 2302 ut
1017 2254 1074 2304 durn
1093 2255 1205 2322 Apollod.
1224 2263 1303 2304 autern
1321 2269 1370 2303 nne
1390 2269 1446 2302 oum
1465 2251 1523 2301 filiis

463 2330 496 2378 nie
516 2329 640 2384 iudicetur.
659 2329 736 2376 Terre
756 2328 817 2377 filios
832 2330 903 2379 suisne
923 2328 967 2378 Gi·
1017 2340 1186 2380 concrematur.
1219 2329 1282 2380 Cum
1299 2327 1522 2394 Apollodoomen·

461 2413 554 2467 gnotus.
577 2403 653 2450 Immo
665 2402 758 2451 Terram
770 2412 875 2452 natorum
885 2418 967 2452 eorum
1017 2403 1047 2453 tit
1057 2405 1137 2454 Schol.
1147 2404 1264 2470 Lycophr.
1276 2403 1307 2452 nd
1317 2419 1367 2452 ver.
1379 2404 1435 2451 481.
1457 2403 1522 2450 Pnu-

461 2479 576 2544 originem
603 2477 710 2526 declnrot
737 2487 844 2538 certem3
872 2488 968 2526 mamm
1017 2493 1068 2528 ren.
1079 2479 1168 2528 Arced.
1179 2495 1203 2544 p.
1214 2479 1272 2528 600.
1282 2475 1363 2535 tradit,
1372 2477 1519 2540 Lycaonem,

463 2561 546 2602 contre
565 2567 616 2602 enm
635 2550 732 2600 dubiem
749 2550 872 2616 relinquit.
907 2551 967 2600 Hec
1019 2549 1523 2618 Petugtfitium.0ecropiequuem‚Jovi

462 2625 549 2675 subole
566 2642 620 2691 pore
636 2624 724 2674 edficte
738 2633 833 2690 propter
846 2623 967 2674 hominum
1017 2643 1083 2678 mera
1096 2629 1185 2692 Lyceo
1200 2625 1375 2684 instituissem
1390 2623 1467 2690 iirque
1485 2623 1523 2672 in·

462 2699 636 2749 crudelitatem.
670 2697 786 2747 Crudeles
794 2701 907 2764 sanguine
918 2701 969 2748 noti
1019 2701 1108 2750 tantem
1127 2701 1280 2756 eecridcnnre,
1296 2713 1398 2765 eamque
1415 2699 1447 2747 ob
1465 2715 1522 2748 ceu·

462 2773 616 2822 dicebantur:
633 2771 713 2821 Tibul.
721 2772 742 2820 1.
753 2770 778 2820 ii.
788 2773 830 2820 ³9.
847 2773 966 2830 Arimara,
1018 2791 1070 2824 mm
1089 2775 1114 2825 in
1135 2777 1218 2842 lupum
1238 2789 1378 2824 conversum
1398 2789 1458 2822 esre.
1491 2771 1521 2822 Id

462 2845 488 2894 in
510 2847 618 2895 animane
638 2855 743 2896 vertere:
773 2844 806 2894 iv.
825 2845 891 2905 6103
920 2845 968 2895 xiv.
1019 2850 1083 2916 quod
1103 2851 1174 2918 poulo
1201 2850 1307 2918 proprius
1329 2848 1360 2898 ad
1388 2847 1521 2896 birmricrm

463 2921 519 2970 566.
553 2921 600 2970 Pro
609 2922 672 2987 fem
686 2920 794 2969 revocavi
810 2937 864 2978 m,
880 2919 904 2968 in
920 2937 968 2986 quo
1017 2925 1140 2976 veritatem
1151 2925 1253 2975 accedit.
1274 2923 1370 2972 Etenim
1380 2922 1451 2971 etiem
1461 2937 1521 2970 mr-

462 2995 614 3061 indulgentiu
635 3004 743 3044 materne
764 2993 825 3044 inest
846 3005 871 3044 et
895 3011 969 3045 caure
1019 3014 1069 3048 mor
1085 2999 1203 3049 Arundel.
1213 2999 1229 3048 i.
1240 3000 1413 3054 dhrnemoret,
1430 2995 1521 3062 Lyceo·

462 3068 609 3118 mutationis.
633 3069 728 3134 Neque,
740 3067 760 3117 ei
762 3069 824 3134 sere
834 3068 968 3134 precario·
1019 3089 1081 3132 nem,
1093 3072 1219 3132 Pandioni,
1235 3069 1348 3138 Cecropio
1366 3071 1424 3128 filio,
1441 3085 1524 3136 equa.

463 3151 508 3202 eet,
525 3143 610 3210 subjici
628 3143 751 3209 potuisset,
765 3145 804 3191 ud
819 3153 841 3191 et
855 3143 907 3200 ilio,
923 3151 969 3192 etc.

465 3217 479 3266 1
481 3237 495 3267 n
498 3219 588 3284 sociem
600 3219 723 3274 hominum,
734 3217 759 3267 in
769 3217 883 3274 homiues,
893 3228 936 3266 eut
945 3217 970 3266 in

465 3294 564 3342 formem
595 3291 726 3348 hominum,
753 3307 826 3358 quom
854 3291 971 3356 Gigantes

465 3385 512 3417 oon
538 3368 678 3416 habuerant.
711 3367 752 3416 Sic
782 3365 870 3416 dieitur
898 3366 971 3416 iociee

465 3443 543 3500 marie,
556 3442 629 3492 socier
644 3441 709 3499 coeli,
720 3451 768 3491 ete.
775 3460 783 3503 ;
800 3441 908 3507 adeoque
920 3457 970 3490 orn·

465 3519 502 3568 nis
519 3527 618 3566 externa
638 3515 729 3584 speeies
747 3525 772 3565 et
792 3516 875 3573 formo,
895 3516 971 3565 oculis

464 3591 581 3658 exponite.
592 3590 666 3642 facies
677 3590 817 3658 appelletur.
850 3589 915 3639 Hinc
930 3606 969 3640 eu-

465 3666 584 3734 perficies.

502 3743 556 3792 162.
579 3741 653 3790 Sctm
670 3757 682 3788 e
700 3741 813 3807 sauguine
831 3737 916 3800 natue]
938 3737 970 3789 vi.

466 3819 498 3866 22
509 3836 514 3865 :
533 3817 606 3864 Sciret
615 3833 631 3864 o
642 3815 738 3864 Pniiude
750 3816 847 3863 doctam.
872 3812 936 3860 Fert.
945 3811 971 3860 ii.

467 3892 530 3939 ⁴19:
550 3891 628 3939 Marte
645 3899 703 3938 rotor
717 3893 793 3938 scirer-
826 3886 891 3937 Vide
908 3887 970 3935 Dra·

467 3964 539 4013 kenb.
550 3963 581 4012 od
592 3964 635 4012 Sil.
646 3979 669 4013 u.
680 3963 738 4012 279.

1018 3149 1075 3206 lem,
1096 3147 1225 3209 instituisse
1252 3146 1308 3198 Jovi
1329 3157 1405 3204 mere,
1426 3145 1523 3196 durnin

1019 3221 1093 3282 dicte,
1101 3223 1126 3270 in
1136 3222 1224 3289 quibus
1235 3220 1342 3271 homines
1351 3221 1404 3270 Deo
1412 3219 1522 3270 offerren-

1020 3305 1065 3346 tur.
1099 3297 1180 3362 Atque
1198 3297 1251 3345 hee
1268 3311 1336 3346 neore
1353 3292 1525 3344 diu-momine

1019 3371 1081 3420 inter
1101 3371 1219 3428 Arcados,
1239 3385 1268 3420 ex
1299 3369 1398 3434 antiquo
1419 3365 1524 3433 quodam

1021 3454 1116 3495 auctore
1133 3447 1210 3496 refert.
1228 3445 1292 3494 Plin.
1310 3444 1344 3494 Η.
1362 3445 1395 3492 N.
1414 3442 1463 3492 viii.
1483 3443 1524 3491 32.

1021 3521 1113 3586 Regem
1129 3520 1222 3586 justum
1243 3519 1316 3568 suisne
1337 3534 1393 3568 eunn
1413 3516 1481 3566 Suid.
1497 3516 1523 3565 in

1021 3593 1126 3646 Λυκάων
1136 3604 1229 3656 narret5
1246 3603 1319 3660 etque
1333 3592 1407 3642 etiem
1419 3609 1449 3641 ex
1460 3591 1522 3641 Peu-

1021 3684 1072 3718 rnn.
1079 3677 1186 3735 apparet,
1194 3669 1270 3718 multo
1281 3683 1336 3716 eurn
1346 3666 1407 3716 inter
1417 3664 1526 3715 Arendu

1021 3741 1052 3792 nd
1068 3743 1123 3792 vite
1138 3741 1230 3792 cultum
1247 3740 1375 3790 inveniere.
1408 3737 1524 3788 rabulam

1021 3816 1052 3866 de
1063 3816 1195 3866 mutatione
1204 3816 1230 3864 in
1239 3817 1323 3881 lupurn
1334 3813 1405 3864 focile
1423 3811 1524 3862 neminie

1020 3900 1117 3956 etymon
1127 3905 1210 3957 ponere
1221 3890 1306 3956 potuit.
1333 3889 1372 3937 De
1382 3885 1524 3952 λυεανθρυ-

1021 3966 1069 4034 rip
1080 3966 1188 4016 universe
1205 3964 1317 4014 Herodot.
1335 3963 1372 4012 iv.
1391 3963 1446 4012 105.
1461 3958 1524 4010 Plio.

501 4039 639 4088 1⁶3-243·
658 4037 773 4103 Lyvssvw]
798 4037 877 4095 Qum
898 4034 972 4102 impia
1021 4040 1045 4090 d.
1057 4041 1074 4089 1.
1084 4040 1214 4106 disputent.
1248 4039 1363 4088 Fabulam
1380 4037 1405 4085 iu
1420 4044 1523 4085 netenu·

466 4111 510 4163 iile
525 4113 680 4178 eGignntum
696 4112 812 4178 sunguine
827 4119 877 4160 orta
892 4110 972 4177 proles
1020 4131 1059 4165 em
1067 4114 1169 4165 Ovidius
1177 4113 1316 4164 metatione
1324 4110 1428 4162 reddidit
1438 4125 1525 4158 memo-

466 4187 545 4244 fuesii,
572 4186 695 4236 commode
723 4188 834 4252 probetur
861 4185 971 4250 exemplo
1019 4189 1128 4248 rabilem,
1142 4190 1167 4239 in
1183 4205 1259 4254 enque
1275 4186 1412 4236 exomendo
1425 4183 1526 4234 multum

467 4259 849 4328 Lycaonis‚regis'.trcodioe‚qui
864 4258 911 4326 ipsi
926 4259 970 4309 Jo-
1021 4262 1111 4329 ingenii
1121 4261 1233 4313 ostendit.
1266 4261 1342 4310 Poeta
1353 4276 1400 4309 non
1410 4258 1460 4325 ipre
1471 4273 1525 4306 unr-

469 4337 501 4394 vi,
519 4345 593 4386 terren
615 4333 710 4393 visenti,
730 4349 777 4382 non
798 4333 868 4382 modo
889 4348 972 4382 carnee
1021 4345 1067 4394 ret,
1078 4337 1136 4402 quid
1152 4336 1250 4402 Lycaon
1266 4333 1417 4390 commiserit.
1432 4330 1525 4382 eedJo·

467 4411 585 4460 humente
602 4417 751 4475 apposuerat,
764 4407 807 4457 ned
825 4407 898 4457 etiarn
915 4407 972 4456 inei·
1022 4427 1077 4460 vern
1088 4409 1142 4459 Diis
1158 4407 1296 4458 convocetis
1311 4415 1446 4456 uomentem
1456 4403 1525 4454 indu·

468 4485 521 4535 dien
533 4493 670 4545 struxeram
688 4500 762 4550 quarn
776 4483 807 4531 ob
824 4482 970 4548 impietatem
1023 4484 1070 4534 eit:
1097 4501 1150 4550 qure
1169 4483 1275 4533 inventio
1294 4481 1370 4530 multo
1386 4486 1526 4529 ornamento

468 4561 493 4609 in
511 4559 594 4626 lupum
611 4573 738 4607 conversus
755 4566 799 4606 est.
826 4557 866 4606 Ci.
883 4556 974 4621 Hygin-
1024 4558 1124 4625 peperit.
1151 4558 1399 4607 Sirenimcoosessue
1410 4555 1524 4610 Deorum,

469 4631 518 4684 fab.
532 4635 587 4682 176.
604 4643 628 4682 et
646 4631 757 4698 Apollod.
769 4631 884 4681 Biblioth.
896 4631 929 4678 iii.
941 4631 973 4690 83
1023 4634 1137 4698 Jovisque
1149 4633 1260 4699 majestas
1270 4630 1381 4690 describi,
1392 4637 1464 4695 utque
1474 4643 1527 4677 orn·
