3518 6008
413 789 882 859 METAMORPHOSEON
906 793 998 860 LIB.
1021 793 1104 862 vll.
1213 799 1280 864 sau

234 965 404 1065 Corpora
420 967 622 1063 vulgarunt
639 969 865 1067 pluvialibus
882 970 985 1046 edita
1001 970 1138 1070 fungis.

236 1082 314 1156 Sed
335 1092 538 1182 postquam
557 1082 711 1158 Colchis
730 1086 821 1160 arsit
835 1111 931 1161 nova
948 1099 1068 1186 nupta
1083 1089 1251 1176 venenis

234 1198 553 1297 Flagrantemque
566 1200 721 1275 domum
733 1201 832 1300 regis
844 1227 946 1278 marc
955 1204 1049 1278 vidit
1060 1214 1279 1302 utrumque;

235 1315 427 1412 Sanguine
440 1326 618 1390 'natorum
636 1317 872 1416 perfunditur
889 1320 1025 1419 impius
1044 1321 1166 1410 ensis3
1209 1327 1284 1396 396

235 1430 404 1530 Ultaque
422 1457 463 1506 se
482 1433 580 1507 male
598 1445 729 1522 mater,
750 1433 897 1526 Iasonis
915 1437 1048 1533 effugit
1065 1460 1179 1511 arma.

284 1547 354 1622 Vl.
384 1545 484 1622 Hinc
499 1548 703 1624 Titaniacis
722 1553 849 1626 ablata
865 1552 1104 1642 draconibus,
1119 1553 1235 1628 intrat

270 1757 327 1806 ³94.
348 1758 431 1808 Medea
452 1777 521 1822 pum
540 1777 567 1810 er
587 1759 672 1810 Jnsons
684 1764 738 1825 jam
788 1763 867 1812 Vocat
891 1764 975 1812 Coloba
997 1779 1098 1822 venena,
1120 1763 1176 1830 quia
1197 1764 1286 1814 Medea

228 1833 294 1897 filios
305 1833 444 1884 Mermerusn
459 1845 481 1884 et
497 1834 605 1884 Feretrios
621 1852 737 1897 promm-
788 1838 886 1888 Colchis
896 1837 925 1887 iis
935 1854 988 1887 usu.

236 1919 277 1966 sat,
292 1925 421 1972 sarmentique
435 1911 557 1960 concordia
571 1911 683 1966 uiuerent,
700 1913 737 1959 ob·
821 1915 880 1964 ³96.
900 1914 1018 1979 Sanguine
1035 1923 1151 1972 natorum,
1166 1915 1227 1979 eta]
1244 1916 1283 1964 ln·

228 1985 358 2046 J'ieisltntnr
368 1987 398 2041 si,
408 1985 517 2034 losnineni
529 1994 576 2033 tani
582 1984 737 2051 sortsm‚sor-
787 1988 897 2038 terfectos
907 1987 968 2037 filios
979 2003 993 2036 a
1004 1987 1140 2046 Corinthiis,
1150 1989 1213 2053 quod
1224 1989 1287 2040 dona

237 2075 321 2106 nonam
339 2077 367 2109 nc
388 2061 492 2116 nobilem,
512 2077 605 2109 moran
628 2062 738 2109 &mnam
788 2061 931 2119 attulissent,
942 2070 1025 2111 auctor
1039 2069 1075 2110 et
1086 2061 1226 2120 Pausanias,
1238 2063 1284 2113 Co-

237 2134 437 2198 atqaeueneficam
453 2136 542 2183 babere.
577 2133 642 2183 Huic
657 2135 738 2191 Creon,
787 2135 858 2186 rintlr.
874 2153 900 2202 p.
913 2137 975 2197 tro,
992 2135 1104 2202 idemque
1121 2135 1196 2193 addit,
1213 2153 1286 2202 quum

239 2206 347 2257 Menecsi
357 2211 435 2273 filisu,
453 2226 493 2258 res
509 2210 651 2266 Corinthius,
659 2209 740 2273 filiunt
788 2209 831 2258 lilii
846 2210 986 2259 innocentes
1001 2219 1080 2259 essent
1094 2210 1193 2268 inventi,
1204 2211 1286 2261 (brin-

238 2298 302 2330 marn
317 2285 425 2332 minorent
441 2284 547 2333 Glaucen
558 2287 622 2333 (ledit
637 2300 738 2332 aaaron
789 2285 850 2334 thios
870 2284 895 2332 in
915 2301 944 2334 eo
961 2285 1012 2351 ipso
1031 2285 1092 2342 loco,
1109 2286 1150 2335 ubi
1169 2286 1286 2336 interfecti

238 2357 320 2406 Medea
337 2375 405 2422 pant
424 2361 492 2415 vidit,
513 2375 535 2407 se
555 2377 612 2424 erga
634 2358 740 2407 Jnronem
788 2368 876 2415 essent,
896 2359 995 2408 Paroria
1013 2358 1141 2424 imaginem
1155 2359 1287 2419 dedicisse,

238 2433 292 2480 bene
312 2442 433 2481 wentam
455 2442 522 2481 tanta
539 2435 678 2482 contumelio
696 2449 740 2482 esee
790 2433 821 2484 ad
831 2449 933 2500 eamque
944 2449 1012 2484 sacra
1025 2435 1186 2485 anniversaria
1195 2435 1286 2486 iecisse.

239 2505 506 2570 uffoemm,corormmse
520 2510 612 2556 centenis
619 2508 683 2574 fecit
696 2523 739 2556 an-
789 2505 903 2556 Similiter
917 2505 1031 2571 Apollod.
1046 2515 1071 2555 et
1081 2507 1201 2558 AElianus.
1211 2509 1286 2559 V.H.
1357 2557 1360 2564 ,

237 2596 411 2644 caementisque
424 2584 515 2630 muneri
526 2584 601 2644 jussit
609 2583 677 2645 filios
691 2597 741 2630 tuor
790 2596 815 2629 v.
827 2581 868 2628 21.
895 2581 925 2628 In
936 2578 1037 2629 Ecboliis
1047 2579 1168 2646 Euripidis
1178 2581 1209 2630 ad
1220 2582 1289 2632 Med.

241 2669 342 2704 nmero«
362 2657 426 2704 durs.
468 2655 563 2713 Creusa,
583 2671 677 2706 munere
701 2673 740 2704 ac·
791 2653 916 2721 Euripides
932 2654 1032 2704 traditur
1043 2655 1148 2721 quinque
1165 2657 1289 2706 talentisa

239 2739 310 2790 cepto,
327 2745 379 2777 cnm
397 2727 481 2778 Iasone
496 2739 518 2777 et
538 2729 634 2778 Creonte
655 2731 740 2793 confla·
791 2728 919 2778 Corinthiis
936 2737 1059 2796 corruptus
1077 2746 1138 2788 asse,
1150 2738 1178 2779 ut
1192 2731 1217 2779 iu
1232 2733 1287 2782 Me-

236 2805 324 2868 grnoit.
342 2803 739 2868 Medennbiregiumardereoidit,
790 2804 859 2854 deam
871 2803 1008 2853 transferret
1018 2804 1084 2854 illam
1095 2804 1195 2855 cadem.
1224 2808 1286 2856 Rern

242 2887 307 2926 natos
326 2893 376 2925 suos
395 2877 513 2942 interfecit
530 2886 553 2926 et
569 2878 676 2943 profugit
697 2878 739 2926 Co-
790 2877 900 2944 disquirit
910 2878 1038 2928 Barnesius
1049 2879 1074 2927 in
1086 2879 1144 2930 Vita
1157 2880 1286 2946 Euripidis,

239 2951 326 2999 rintbn.
361 2949 481 3015 Hyginus,
499 2950 581 3001 tabula
597 2953 639 3000 25.
667 2950 739 3000 Conl.
789 2961 848 3004 sect·
869 2953 906 3002 17.
940 2953 1003 3002 Vide
1021 2963 1046 3003 et
1065 2954 1191 3020 Boettigcri
1211 2956 1289 3022 prolu-

239 3025 406 3092 Apollodorus,
420 3024 447 3074 d.
458 3025 474 3074 l.
492 3025 544 3074 Hoc
560 3025 740 3076 tundamentum
789 3027 866 3077 aiones
877 3027 907 3076 de
917 3028 1007 3077 Medea
1018 3028 1152 3094 Euripidea.

240 3110 277 3150 est
296 3100 416 3167 Euripidis
434 3111 459 3149 et
480 3101 576 3150 Seneca
598 3100 740 3158 fabularum,
823 3103 961 3152 aste-492.
983 3103 1048 3152 Hine
1074 3103 1208 3161 Titaniacis,
1229 3105 1290 3169 etc]

240 3193 294 3242 quar
316 3175 411 3225 Medea
431 3191 517 3226 nomen
538 3176 636 3225 habent.
675 3175 742 3224 Noun
791 3177 881 3226 Medea
898 3176 1007 3227 Athenas
1024 3177 1094 3242 sugit,
1112 3178 1152 3227 ubi
1166 3179 1196 3227 ab
1210 3181 1288 3244 AEgeo

242 3262 315 3315 nume
337 3252 367 3300 ab
394 3250 448 3300 aliis
468 3251 562 3302 Glauce
583 3259 688 3308 vocatur,
709 3253 740 3300 ab
790 3252 915 3316 excipitur,
931 3253 999 3318 cujus
1016 3251 1092 3300 fllium
1106 3252 1203 3301 venenis
1217 3252 1289 3302 inter-

241 3325 295 3376 aliis
306 3327 406 3383 Creusa,
418 3327 500 3391 etjam
511 3325 567 3374 olim
579 3325 740 3383 dubitabatur,
790 3326 860 3376 licere
871 3334 978 3375 conatur.
1011 3325 1107 3392 Excipit
1122 3341 1175 3374 cam
1187 3327 1286 3392 AEgeus,

242 3409 321 3450 utrum
342 3399 429 3450 verim.
461 3399 541 3449 Schol.
558 3398 687 3464 Euripidis,
710 3399 741 3448 ad
790 3409 917 3467 postquam
930 3401 1289 3466 juraverat,seeamnoncjec-

243 3476 367 3534 Medeam,
380 3476 419 3525 19.
447 3475 494 3524 Sed
505 3475 566 3524 bene
577 3474 668 3523 notavit
677 3475 740 3523 Bur·
791 3481 881 3525 tururn.¹
919 3473 1053 3542 Euripides,
1077 3477 1125 3526 709
1146 3493 1199 3542 sqq.
1232 3478 1289 3542 Ipsa

242 3565 352 3607 mannus,
372 3550 486 3600 Creusam
508 3565 556 3599 non
583 3564 634 3597 esse
656 3564 742 3598 nomen
792 3549 899 3614 pollicita
910 3557 1004 3606 eratne
1020 3549 1121 3599 orbitate
1136 3549 1288 3600 liberaturum

241 3624 372 3692 proprium,
398 3623 440 3674 sed
466 3623 540 3674 liliam
564 3623 626 3687 regis
652 3632 741 3672 notare.
792 3625 878 3690 AEgea.
911 3624 1064 3682 Plutarchus,
1082 3624 1155 3674 Thes.
1178 3627 1221 3674 12:
1240 3625 1289 3674 tilio

246 3701 349 3757 Veneriis,
370 3700 439 3750 donis
460 3699 597 3750 venenatis:
620 3699 741 3756 Horatius,
790 3708 891 3756 servato,
915 3699 1050 3748 convivium
1067 3699 1206 3757 instituitur,
1225 3701 1289 3765 quod

242 3774 613 3840 Epod.iii.13.delitatisdonis.
641 3772 743 3822 Miserat
791 3781 885 3823 resonat
900 3773 987 3822 Thesei
1003 3773 1122 3822 laudibus.
1155 3773 1287 3839 Contlly·

242 3848 332 3914 pallam
343 3855 368 3896 et
382 3863 501 3905 coronam,
513 3846 614 3896 πέπλον
627 3847 668 3896 καὶ
686 3845 739 3896 cri·
791 3847 840 3912 gin.
849 3849 898 3909 26;
914 3847 989 3897 Diod.
999 3849 1046 3898 Sic.
1057 3847 1090 3896 ir.
1100 3849 1132 3897 54
1140 3865 1193 3914 sqq.
1204 3867 1211 3908 ς
1225 3849 1289 3898 Pau-

242 3931 288 3987 φος
313 3921 484 3989 χρυσήλατον,
513 3920 646 3986 Euripides,
673 3922 741 3981 9493
790 3937 843 3972 san.
861 3923 888 3971 ii.
908 3925 943 3982 ³;
958 3922 1070 3989 Apollod.
1087 3924 1108 3972 1.
1127 3922 1159 3972 ix.
1174 3925 1215 3974 28.
1250 3925 1290 3974 ll·

243 3996 662 4056 Valer.Flaccus,v.449;Seneca‚
673 3995 742 4044 Med.
791 3999 896 4056 tenuris,
908 3999 1054 4062 quosasole
1063 4009 1197 4066 acceperat.
1215 4001 1291 4067 Apol·
1330 3998 1334 4006 ’

227 4072 300 4126 ,⁵70.
332 4072 380 4121 Illa
388 4072 452 4122 dona
460 4070 576 4120 iniecerat
585 4068 700 4135 naphtha,
711 4085 741 4118 cr
791 4070 893 4121 lodorus.
928 4071 1048 4135 Periphas,
1061 4089 1102 4122 rex
1114 4071 1291 4140 antiquissimus

242 4141 743 4211 multorumquidemopinione‚qurainde
792 4143 947 4194 Atticaantc
956 4145 1068 4212 cecropis
1078 4157 1193 4214 tempora.
1228 4150 1290 4199 Eum

243 4219 309 4269 dicta
328 4227 365 4268 est
385 4217 495 4280 Μηδείας
516 4216 652 4284 φάρμακον.
686 4216 743 4266 Vid.
792 4219 886 4284 Jupiter
902 4219 927 4267 in
943 4219 1049 4285 aquilam
1067 4221 1178 4280 mutavit,
1192 4223 1291 4290 ejusque

244 4295 385 4350 Munianus,
402 4293 433 4343 ad
449 4291 539 4358 Hygin.
554 4290 578 4339 d.
589 4291 605 4341 1.
622 4289 743 4356 Napbthn
793 4293 927 4359 conjugem,
934 4309 1008 4358 quum
1017 4295 1121 4361 separari
1131 4296 1206 4346 nollet
1216 4313 1231 4346 a
1241 4313 1290 4347 ma·

243 4383 332 4434 magna
346 4367 456 4434 cognatio
473 4367 573 4432 ignium,
586 4365 628 4431 qni
639 4365 744 4431 protinus
792 4365 847 4423 rito,
863 4365 888 4415 in
905 4366 993 4432 ὄρνιθα
1009 4367 1146 4436 σύννομον,
1160 4370 1185 4418 id
1201 4379 1245 4428 est,
1265 4372 1291 4422 in

243 4442 269 4492 in
287 4458 339 4493 sam
358 4443 510 4492 transiliunt:
528 4439 630 4499 Plinius,
644 4439 671 4488 ii.
690 4441 744 4491 105.
792 4439 876 4490 iisdem
892 4441 986 4506 pascuis
996 4455 1139 4501 versantem,
1149 4461 1197 4494 una
1207 4445 1290 4496 viven-

244 4517 286 4566 ubi
297 4517 381 4566 addit:
401 4517 439 4564 lto
449 4517 539 4582 serunt
554 4534 569 4563 a
581 4515 662 4562 Medea
676 4515 743 4577 pelli-
793 4523 851 4572 tero,
861 4531 947 4583 nempe
961 4516 985 4566 iu
1000 4517 1093 4583 φήνην,
1106 4521 1222 4568 falconem
1231 4521 1291 4570 ossiss

244 4609 291 4644 cent
307 4595 438 4650 crinorum,
455 4603 570 4656 postquam
583 4591 744 4656 menssentura
793 4591 901 4656 tragum:
924 4592 1061 4643 Antoninus
1077 4595 1154 4644 Liber.
1171 4596 1194 4643 6.
1233 4595 1289 4644 Jarn

244 4671 274 4716 nd
291 4683 344 4716 urae
357 4677 488 4724 occeanus,
500 4683 582 4716 corono
598 4669 652 4731 igne
667 4677 743 4728 rupta.
794 4666 906 4730 quoniam
927 4676 952 4716 et
973 4683 1035 4716 nunc
1057 4667 1087 4717 de
1106 4669 1199 4718 duobus
1214 4683 1291 4718 sermo
