3588 6000
651 1159 1028 1246 PRAEFATIO

348 1403 424 1478 DE
462 1401 668 1480 OPERE
705 1405 1329 1502 METAMORPHOSEON‚

398 1667 402 1676 -
475 1639 680 1702 sucronu
702 1639 854 1702 corun.
875 1641 1013 1704 unum.
1035 1597 1199 1705 nmmo]

740 1874 977 1930 -φω

317 2089 421 2182 RES
438 2117 731 2203 antiquissimorum
746 2118 939 2185 Graecorum
953 2117 1054 2184 ferme
1069 2139 1190 2198 omnes,
1200 2121 1365 2190 oiritsturu

172 2294 178 2302 .
313 2235 463 2321 origines,
478 2235 547 2300 ists
561 2246 595 2304 et
609 2235 696 2304 facts
710 2235 857 2316 heroum,
871 2237 1084 2324 Deorumque
1099 2237 1282 2325 religiones,
1293 2239 1366 2327 phi·

311 2351 535 2438 losophemrto
553 2353 661 2432 etiam,
678 2376 790 2440 quum,
806 2365 843 2420 ut
861 2355 894 2420 in
911 2355 986 2420 rudi
1002 2367 1100 2442 gente
1118 2365 1151 2421 et
1168 2356 1201 2420 in
1218 2378 1365 2426 sermono

312 2471 453 2558 nondum
467 2468 610 2548 exculto,
615 2471 746 2557 sabulis
760 2482 869 2538 essent
883 2470 1045 2550 involutoe,
1057 2474 1152 2559 primi
1166 2485 1285 2560 poete,
1296 2477 1365 2560 jour

312 2600 386 2656 oute
404 2587 585 2657 Homerum
604 2600 638 2656 et
657 2589 852 2669 Hesiodum,
870 2591 908 2656 iis
926 2592 1013 2656 varie
1034 2593 1218 2659 tractandis
1236 2592 1366 2680 ingenis

310 2720 545 2788 exercuerunt3
576 2709 758 2796 horumque
781 2711 918 2798 vestigia
940 2723 1129 2797 presserunt
1154 2722 1220 2778 tem
1246 2713 1365 2798 quibus

311 2839 425 2916 postes
444 2828 637 2914 theogonius
657 2839 756 2914 atque
776 2828 999 2915 cosmogoniss
1018 2850 1215 2914 componere
1230 2828 1364 2916 placuit,

309 2970 405 3033 quam
419 2948 477 3033 qui
491 2945 703 3032 Cyclicidicti
717 2957 803 3012 sunt.
843 2945 952 3032 Lyrici
964 2947 1060 3012 etism
1071 2945 1207 3032 hymnos
1222 2948 1255 3012 in
1271 2947 1363 3016 Deos

309 3065 487 3150 hudesque
509 3064 645 3131 heroum
662 3062 781 3130 fabulis
803 3075 1013 3143 exorturum,
1031 3075 1066 3130 et
1081 3064 1216 3152 Tragici
1238 3067 1364 3134 droma-

309 3195 378 3250 tum
391 3204 523 3249 suorum
538 3169 1032 3268 argumenta-inde‘repetierunt
1047 3183 1204 3272 certatim.
1243 3184 1364 3272 Neque

310 3311 478 3388 poetarum
494 3301 631 3388 ingeniis
651 3299 726 3366 solis
744 3299 852 3387 ampla
871 3299 926 3366 ills
939 3301 1073 3368 materis
1086 3312 1136 3367 cst
1151 3299 1281 3380 relictu3
1304 3304 1362 3370 sed

309 3429 383 3486 mte
406 3428 441 3486 et
460 3419 546 3484 circo
566 3417 652 3484 helle
672 3439 746 3484 cum
765 3417 875 3487 Persis
896 3431 989 3507 geste
1010 3421 1216 3498 exstiterunt,
1236 3402 1304 3506 oui,
1326 3431 1363 3488 ut

308 3537 415 3623 gentis
435 3559 503 3604 suoe
520 3537 661 3622 origines
679 3537 869 3617 conderent,
887 3539 1014 3605 sabulos
1036 3539 1117 3618 illas,
1136 3539 1247 3627 quales
1267 3517 1363 3608 'erent

309 3679 329 3721 a
342 3657 518 3744 majoribus
530 3655 672 3734 treditoe,
688 3653 903 3728 voluminibus
917 3656 1229 3744 complecterentur;
1244 3659 1278 3726 in
1292 3659 1362 3746 qui·

309 3779 371 3844 hus
391 3774 602 3854 Pherecides,
627 3773 802 3843 Acusilous
821 3777 976 3862 Argivus,
1001 3775 1177 3843 Hecatoeus
1202 3775 1360 3857 Milesius,

309 3905 343 3962 et
364 3893 555 3962 Hellanicus
580 3893 811 3962 inclaruerunt.
861 3893 953 3962 illum
972 3917 1049 3962 vero
1074 3893 1255 3960 fabularum
1280 3897 1362 3964 enti·
1387 3888 1392 3894 ’

307 4015 416 4102 quitus
444 4013 635 4079 traditurum
663 4013 868 4099 ferruginem,
894 4036 961 4099 qua
993 4026 1063 4080 tum
1095 4013 1197 4079 omnis
1225 4011 1361 4082 historio

311 4133 429 4200 Greea
451 4132 686 4211 continebatur,
707 4153 767 4200 nec
789 4133 901 4198 seriori
923 4144 1068 4218 tempore
1088 4131 1288 4218 abjecerunt,
1303 4133 1360 4217 qui

309 4273 416 4318 rerum
435 4274 455 4316 s
478 4251 584 4337 gentis
609 4273 676 4316 suos
701 4251 889 4316 auctoribus
910 4259 1075 4338 gestarum
1097 4249 1259 4316 memoriae
1284 4271 1361 4316 con-

310 4367 414 4434 sulere
428 4367 611 4440 voluerunt.
649 4366 718 4433 Tot
740 4367 839 4453 igitur
859 4367 1053 4456 scriptorum
1074 4367 1188 4433 studiis
1211 4358 1265 4432 ills
1287 4369 1359 4454 ipsa

311 4486 437 4572 farrago
452 4486 538 4551 lactu
558 4497 607 4550 est
627 4508 703 4570 psrs
725 4508 790 4550 non
810 4483 930 4572 exigua
949 4487 1140 4552 eruditionis
1155 4465 1358 4564 Graecorum,

310 4625 374 4688 quo
395 4603 513 4689 possim
533 4625 644 4670 omnes
668 4626 773 4690 prope
793 4605 978 4693 scriptores,
1001 4603 1199 4692 philosophi,
1218 4601 1357 4689 physici,
