3512 6010
479 749 544 814 148
768 747 811 820 P.
835 748 998 816 OVIDII
1022 748 1235 818 NASONIS

477 922 595 1020 Finge
613 923 722 997 datos
740 947 893 1000 currus:
919 926 1011 1022 quid
1030 927 1143 1023 agas?
1170 927 1360 1026 poterisne
1378 929 1513 1021 rotatis

476 1039 622 1112 Obvius
641 1039 694 1114 ire
713 1039 820 1138 polio,
841 1065 889 1114 ne
906 1051 945 1115 te
962 1041 1061 1116 citus
1079 1040 1224 1116 auferat
1241 1043 1351 1118 axis?
1477 1049 1528 1120 75

476 1155 650 1229 Forsitan
668 1166 707 1230 et
724 1154 831 1229 lucos
848 1155 937 1244 illic,
957 1158 1160 1256 urbesque,
1180 1159 1389 1258 domosque

475 1271 680 1370 Concipias
698 1273 834 1359 animo,
853 1273 1089 1373 delubraque
1106 1273 1200 1348 ditia
1217 1275 1326 1350 donis

475 1387 593 1463 Esse:
622 1413 690 1488 per
707 1388 862 1462 insidias
880 1389 951 1463 iter
968 1400 1038 1477 est,
1058 1390 1273 1489 formasque
1291 1390 1476 1468 ferarum:

423 1499 424 1510 ’
474 1504 606 1602 thue
622 1504 721 1579 viam
738 1516 881 1592 teneas,
902 1507 1081 1605 nulloque
1099 1531 1223 1582 errore
1237 1508 1419 1598 traharis3

473 1619 549 1695 Per
566 1631 695 1695 tamen
712 1610 859 1696 adversi
877 1621 1058 1718 gradieris
1076 1647 1218 1726 cornua
1235 1622 1364 1712 Tauri,
1443 1710 1448 1722 Ι
1474 1629 1523 1698 80

472 1736 770 1836 Haemoniosque
788 1761 910 1826 arcuo,
928 1738 1159 1836 violentique
1177 1764 1243 1815 ora
1260 1739 1410 1828 Leonis,

473 1855 659 1953 Saevaque
675 1854 835 1928 circuitu
852 1865 1069 1930 curvantem
1087 1856 1242 1931 brachia
1258 1859 1371 1955 longo

472 1971 668 2071 Scorpion,
677 1981 793 2068 atque
804 1971 1520 2048 alitercurvantembrachiaCancrum.

501 2173 543 2220 74.
562 2171 680 2221 Poterisne
691 2175 781 2228 roratis,
794 2170 854 2235 ete]
872 2171 969 2222 Coelurn
1018 2172 1130 2222 derunt.
1166 2172 1343 2237 Taura'signum
1354 2173 1390 2223 eol
1403 2169 1522 2239 ingredie-

469 2256 576 2295 movetur
591 2244 655 2295 eirea
666 2248 740 2310 potor.-
757 2245 782 2294 bi
797 2261 854 2310 ergo
864 2255 919 2300 runt
928 2263 971 2297 ve·
1018 2249 1090 2296 batur
1108 2247 1133 2296 iv
1151 2249 1208 2298 Kal.
1224 2249 1300 2309 Maii3
1317 2249 1405 2298 Manil.
1420 2249 1439 2298 i.
1455 2249 1520 2301 516:

468 2321 512 2370 luti
523 2330 577 2369 rote
588 2322 649 2371 reli.
679 2323 734 2371 Jam
747 2323 836 2370 obvium
845 2323 970 2372 involutis
1021 2321 1111 2386 Quique
1130 2325 1172 2371 rub
1188 2326 1262 2372 everri
1279 2333 1432 2372 vomantur
1448 2326 1523 2373 ridere

465 2397 524 2458 polle
541 2402 577 2444 eet
594 2395 611 2445 i.
621 2412 646 2462 q.
657 2395 728 2461 paulo
745 2405 811 2454 ante,
822 2399 904 2459 rapido
921 2399 970 2446 orbi
1021 2397 1103 2446 Tauri.
1136 2397 1200 2462 Hyg.
1220 2397 1317 2446 Astron.
1338 2397 1375 2447 iii.
1399 2399 1446 2446 20:
1472 2398 1522 2448 Hie

467 2479 547 2519 eontra
558 2471 637 2530 evehi5
656 2485 710 2518 nam
720 2487 762 2536 per
772 2472 832 2532 polo·
845 2487 908 2520 nunc
918 2487 970 2520 om·
1018 2473 1110 2522 Taum
1120 2489 1212 2522 averem
1221 2465 1298 2521 oritate
1307 2481 1332 2522 et
1341 2474 1434 2521 oceidit.
1456 2473 1523 2522 Hine

467 2545 524 2594 nino
550 2544 640 2594 coelum
672 2543 840 2611 intelligemur.
885 2547 971 2596 Molem
1019 2545 1133 2611 Scaliger.
1151 2546 1182 2596 ad
1199 2545 1286 2595 Manil.
1303 2563 1330 2612 p.
1346 2548 1373 2596 9.
1389 2545 1522 2604 contendit,

467 2630 567 2669 rotatum
583 2619 656 2668 habet
673 2618 813 2669 PlinHist.
830 2621 969 2684 Nauia&
1019 2630 1045 2672 et
1054 2621 1093 2670 hic
1104 2625 1177 2671 auersi
1185 2621 1312 2686 legendum
1321 2635 1382 2670 eoae.
1414 2621 1521 2669 Atnunc

467 2693 766 2744 Cleurlian-v.52'l.dum
780 2705 839 2744 rotet
854 2705 918 2745 astru
928 2713 970 2759 po-
1019 2711 1067 2746 nou
1090 2695 1212 2762 quaritur,
1234 2696 1352 2761 quomodo
1377 2696 1403 2744 iu
1431 2695 1522 2745 ooelum

467 2772 511 2826 lua,
523 2769 563 2818 ubi
580 2769 680 2819 Gesner.
692 2777 767 2828 notet,
778 2770 901 2838 pulchram
917 2787 969 2821 esre
1019 2772 1100 2822 veniat
1114 2780 1139 2821 et
1153 2771 1210 2821 inde
1220 2770 1330 2829 decedat,
1340 2771 1383 2820 red
1393 2787 1441 2837 quo
1451 2785 1522 2838 spee-

468 2843 627 2911 pbantasiam‚
646 2845 715 2908 quari
732 2853 811 2896 motus
826 2843 969 2913 principium
1018 2855 1062 2896 tet.
1094 2847 1523 2910 Spoctateutemadezorrumsolemr

467 2917 806 2984 sirinaxeillo,circaquern
816 2919 967 2969 eoelumver-
1019 2920 1108 2986 Hygia.
1119 2923 1215 2970 Astron.
1225 2921 1252 2969 ii.
1264 2922 1304 2968 21.
1337 2921 1414 2984 Igitur
1430 2920 1523 2968 aaron

468 2993 533 3043 titur.
566 2992 651 3059 ltaque
665 3001 690 3042 et
700 2993 802 3044 Ovidius
817 2993 933 3053 additae
947 3004 970 3042 ra
1018 2995 1177 3044 retinendum.
1214 2995 1250 3044 Eo
1266 2993 1318 3060 ipso
1333 2992 1444 3042 terribilia
1460 3000 1523 3050 erat,

465 3073 590 3125 altmaro.
1019 3067 1082 3134 quod
1095 3072 1218 3128 αάυοηιιες
1234 3070 1401 3118 enumerent
1411 3067 1523 3117 edversa-

501 3145 541 3193 77.
569 3144 688 3205 Concipiet
711 3141 808 3206 onim]
839 3141 967 3204 namura.
1018 3150 1057 3192 tur
1067 3143 1164 3193 coneilio
1175 3142 1272 3192 Phoebi.

468 3219 549 3275 Deoia,
559 3217 584 3265 in
595 3216 683 3282 quibua
694 3232 752 3266 vara
762 3216 787 3264 in
797 3215 879 3282 primia
891 3231 967 3267 saera.
1049 3217 1091 3266 81.
1109 3217 1236 3267 Hemoniae
1249 3216 1339 3281 arm]
1357 3215 1521 3282 Sagittarium,

465 3292 498 3342 cl.
516 3291 602 3356 Virgil.
624 3290 722 3360 AEneid.
744 3290 761 3340 i.
781 3291 840 3340 446.
881 3291 968 3340 rm
1017 3294 1059 3359 qui
1072 3293 1168 3357 fingitur
1180 3309 1238 3342 arcu
1254 3302 1331 3350 teneo,
1343 3291 1411 3358 quasi
1426 3290 1521 3340 mittere

459 3367 570 3434 ferarum
585 3373 641 3415 auur
658 3364 714 3414 iere
732 3364 806 3431 ipro:
825 3363 881 3414 vide
900 3364 931 3414 ad
949 3365 967 3415 i.
1017 3366 1143 3432 incipieus.
1178 3367 1304 3418 Homnae
1316 3382 1359 3416 aen
1368 3364 1521 3414 Thessalicos

466 3442 508 3490 73.
543 3439 635 3490 luridioe
657 3449 679 3488 et
692 3439 763 3506 sere,
780 3441 809 3490 ἓν
828 3437 867 3487 διὰ
884 3437 964 3498 δυοῖν,
1017 3440 1123 3502 (ἡά.αά
1139 3441 1306 3506 i.568.)quia
1321 3439 1455 3506 complures
1472 3445 1521 3489 tra·

464 3515 521 3566 iere
542 3515 690 3564 insidiantes.
724 3514 865 3578 Intelligunt
885 3525 966 3563 autern
1016 3513 1113 3573 debant,
1124 3514 1187 3564 hune
1198 3513 1352 3580 Sagittarium
1362 3523 1433 3562 antea
1445 3512 1520 3562 luisse

465 3589 544 3640 sidera
554 3589 658 3645 zodiaci,
668 3605 721 3654 qua
732 3597 849 3638 certarum
858 3587 966 3638 animan
1016 3588 1176 3638 Centaurum:
1188 3587 1277 3655 Hygin.
1286 3589 1316 3638 P.
1324 3587 1387 3636 Ani.
1395 3589 1436 3636 27.
1452 3589 1520 3638 Cen·

464 3665 524 3715 tium
553 3664 640 3726 figurae
666 3665 779 3713 referunt.
825 3663 858 3712 Ut
883 3672 966 3721 meu,
1015 3663 1078 3712 tauri
1089 3672 1168 3712 autern
1177 3673 1245 3712 erent
1255 3663 1371 3712 Thessali.

466 3740 661 3804 fingeretenere.
696 3739 967 3803 Erroretrahiexquiei·
1049 3738 1090 3786 82.
1107 3737 1230 3802 Brachia]
1249 3737 1332 3788 Chele
1348 3736 1446 3803 Scorpii,
1461 3752 1520 3802 quae

464 3814 512 3864 tiua
523 3829 692 3879 quamerrare.
1016 3811 1089 3860 etiarn
1099 3829 1186 3860 cornua
1194 3821 1219 3860 et
1221 3810 1302 3877 furca
1312 3811 1434 3860 dicuntur.
1453 3811 1520 3860 Cur-

498 3890 539 3936 80.
559 3889 697 3936 Potamon
715 3888 825 3951 adeost]
852 3886 967 3953 loquitur
1017 3897 1057 3936 vat
1070 3886 1170 3936 brachia
1186 3888 1374 3953 longocircur'ru,
1387 3885 1521 3952 quiaiute-

464 3961 507 4018 ite,
525 3970 552 4010 ut
568 3961 602 4008 eol
621 3961 701 4010 omnin
716 3961 763 4010 iata
779 3961 847 4026 aigne
863 3977 911 4011 uno
926 3961 966 4012 die
1016 3961 1053 4026 gri
1063 3959 1125 4025 signi
1135 3959 1238 4026 epatium
1245 3961 1403 4026 occupabant,
1411 3976 1460 4009 ver.
1470 3963 1521 4010 195

464 4051 599 4102 percurrere
609 4035 726 4092 videatur,
737 4051 791 4100 qure
807 4051 854 4084 non
869 4035 914 4085 nisi
928 4036 965 4086 in·
1016 4051 1069 4100 sqq.
1102 4035 1182 4084 Stella
1199 4035 1263 4084 eninr
1280 4036 1341 4084 inter
1353 4035 1475 4101 Virginem
1494 4047 1522 4086 et

463 4109 525 4174 regri
543 4109 600 4158 anni
621 4111 697 4174 spatio
716 4111 847 4175 percurrit;
872 4111 897 4160 in
918 4127 965 4177 quo
1015 4109 1522 4176 Scorpionquohodiennnmvocamus,

465 4184 540 4232 utitur
550 4183 648 4232 licentia
657 4183 733 4249 poetis
741 4199 861 4242 concessa,
873 4194 900 4233 ut
910 4193 963 4234 tan-
1014 4184 1071 4234 olim
1093 4201 1139 4233 non
1157 4194 1225 4234 erant
1241 4186 1361 4250 peculiare
1379 4185 1454 4242 aidus,
1473 4185 1522 4236 aed

464 4267 489 4307 to
505 4257 587 4306 lortius
602 4257 721 4307 deterreat
730 4258 836 4308 animum
847 4260 963 4310 audacem
1014 4259 1178 4308 tribuebantur
1188 4259 1264 4310 chelis
1273 4261 1372 4326 Seorpii.
1402 4259 1467 4311 Hinc
1480 4261 1521 4310 iz»

466 4332 621 4383 Phaethontis
639 4349 654 4381 a
672 4333 802 4399 proposito:
820 4334 871 4383 vid.
890 4335 962 4385 Alex.
1012 4333 1156 4400 telligendur
1174 4333 1260 4400 virgil.
1270 4336 1303 4386 G.
1319 4337 1335 4384 i.
1351 4336 1392 4384 33.
1426 4337 1518 4394 Aliter,

465 4407 594 4457 Tannonius
601 4408 627 4456 in
639 4409 709 4457 Pena.
720 4407 769 4456 (liv.
780 4409 814 4456 ix.
827 4411 875 4471 ³65
891 4427 962 4475 quem
1012 4407 1037 4456 in
1047 4409 1118 4458 aliam
1126 4409 1255 4474 regionem.

464 4481 573 4533 laudavit
589 4481 720 4531 Eurruann.
748 4481 962 4534 Recenaet-autern
1045 4486 1086 4533 83.
1111 4485 1158 4533 llic
1180 4484 1272 4534 seilicet
1294 4501 1373 4535 versus
1394 4501 1521 4544 orcarum,

463 4554 605 4606 saevissimas
624 4563 715 4606 tantum
734 4557 828 4612 former,
845 4564 869 4604 et
890 4573 919 4606 ea
938 4558 962 4606 in
1012 4557 1053 4608 ille
1063 4559 1177 4610 orientem
1189 4568 1290 4627 apertat.

464 4631 545 4698 primis
556 4631 669 4692 nominat,
678 4649 693 4682 a
703 4631 790 4698 quibus
799 4630 846 4680 ille
855 4640 961 4682 metuen-
