3512 6010
414 792 884 861 ME'PAMORPHOSEON
909 793 999 862 Lm.
1024 794 1072 862 11.
1202 795 1269 860 ltu
1316 895 1319 904 Ι

220 968 303 1044 Nec
321 969 388 1044 tibi
406 967 676 1069 quadrupedes
694 968 883 1044 animosos
900 969 1051 1067 ignibus
1068 969 1155 1058 illis,
1217 973 1264 1042 84

217 1083 324 1170 Quos
337 1086 374 1159 in
393 1095 546 1185 pectore
557 1085 713 1173 habent,
725 1109 820 1186 quos
830 1109 896 1160 ore
906 1095 947 1160 et
959 1086 1112 1160 naribus
1125 1086 1264 1172 efflant,

218 1201 263 1275 ln
281 1211 460 1302 promptu
478 1224 608 1299 regere
626 1210 702 1276 est:
723 1202 786 1275 vix
804 1225 865 1276 me
880 1201 1085 1302 patiuntur,
1098 1212 1142 1277 ut
1158 1225 1264 1276 acres

217 1316 414 1392 Incaluere
432 1317 567 1406 animi;
597 1317 802 1417 cervixque
819 1329 1006 1418 repugnat
1023 1317 1194 1394 habenis.

215 1431 267 1506 At
285 1445 340 1520 tu,
359 1431 500 1509 funesti
517 1457 566 1508 ne
584 1433 655 1508 sim
669 1433 738 1508 tibi
756 1435 921 1510 muneris
940 1444 1083 1523 auctor,

217 1549 330 1637 Nate,
350 1575 463 1638 cave;
491 1548 583 1623 dum
601 1573 739 1648 resque
756 1549 857 1638 sinit,
876 1561 943 1632 tua
959 1550 1105 1648 corrige
1122 1561 1223 1630 vota,

217 1662 385 1753 Scilicet,
399 1677 442 1740 ut
459 1677 587 1740 nostro
605 1667 773 1763 genitum
791 1676 830 1742 te
848 1667 1030 1765 sanguine
1047 1667 1193 1754 credas,
1213 1671 1265 1742 90

217 1780 384 1880 Pignora
400 1791 505 1858 certa
519 1781 640 1881 petis:
669 1783 720 1856 do
736 1782 892 1882 pignora
907 1793 1014 1860 certa
1029 1783 1219 1872 timend0;

217 1896 267 1972 Et
284 1899 408 1998 patrio
424 1910 533 1998 pater
550 1922 634 1972 esse
651 1909 755 1973 metu
775 1900 933 1998 probor:
962 1899 1090 1999 aspice
1107 1901 1233 1974 vultus

215 2011 317 2089 Ecce
335 2039 463 2105 meos3
492 2014 715 2113 utinamque
732 2014 863 2089 oculos
880 2015 919 2088 in
937 2026 1091 2116 pectora
1105 2039 1237 2114 posses

214 2128 401 2218 inserere,
419 2117 615 2231 et'patrias
633 2131 734 2205 intus
753 2131 986 2230 deprendere
1004 2132 1134 2206 curasl

215 2245 406 2346 Denique,
450 2247 636 2346 quidquid
678 2247 795 2323 habet
836 2247 954 2335 dives,
998 2247 1259 2348 circumspice,

364 2364 527 2437 mundus
539 2390 549 2453 ;
1212 2369 1263 2438 95.

214 2477 324 2578 Eque
338 2489 398 2553 tot
414 2504 458 2554 ac
476 2479 590 2554 tantis
608 2478 708 2566 coeli,
726 2489 924 2578 terraeque,
943 2479 1133 2579 marisque

214 2593 337 2670 Posce
356 2595 465 2670 bonis
482 2595 645 2694 aliquid:
675 2596 817 2670 nullam
834 2595 978 2694 patiere
994 2597 1196 2696 repulsam.

214 2709 410 2811 Deprecor
426 2712 498 2786 hoc
516 2736 654 2802 unum;
685 2711 789 2810 quod
804 2735 892 2786 vero
909 2713 1060 2788 nomine
1077 2737 1199 2812 prena,

215 2825 301 2902 Non
327 2829 449 2902 honor
474 2839 554 2903 est:
582 2852 746 2928 poenam,
766 2827 979 2916 Phaethon,
998 2853 1065 2928 pro
1092 2853 1258 2914 munere,

363 2943 501 3044 poscis

211 3059 311 3144 Quid
324 3085 413 3136 mea
429 3061 527 3136 colla
542 3069 651 3136 tenes
666 3059 827 3147 blandis,
840 3061 981 3158 ignare,
993 3061 1165 3136 lacertis?
1188 3067 1258 3137 100

213 3175 271 3252 Ne
289 3176 436 3266 dubita,
456 3177 618 3264 dabitur,
640 3176 794 3276 Stygias
807 3177 1014 3274 juravimus
1032 3179 1165 3267 undas,

213 3291 480 3391 Quodcunque
497 3292 660 3393 optaris:
689 3293 757 3368 sed
772 3303 815 3367 tu
833 3291 1039 3392 sapientius
1057 3293 1185 3394 opta.''

213 3407 379 3484 Finierat
395 3409 580 3485 monitus:
608 3407 721 3483 dictis
739 3419 867 3484 tamen
883 3409 946 3483 ille
965 3421 1170 3509 repugnat;

239 3715 281 3764 84.
300 3713 553 3780 lgnibu,Quor,etc.]
573 3711 707 3762 Itadcscn'-
754 3713 920 3779 ltmdcropor.
942 3711 1255 3762 Lucian.Dial.Dcur.d.l.

207 3789 294 3838 buntur
307 3787 427 3837 interdum
442 3787 552 3837 ardentes
562 3795 654 3837 tantum
666 3801 708 3836 ιιι·
755 3787 851 3854 Jupiter
862 3785 979 3854 Apollini,
991 3786 1091 3853 ἠγνόεις
1103 3789 1155 3838 νῦν
1164 3783 1255 3836 ἳππων

208 3862 301 3920 helima,
312 3861 378 3912 unde
395 3861 506 3912 nobilitas
521 3877 636 3927 equorum
651 3876 708 3926 eog-
755 3862 801 3912 rou
816 3861 909 3926 θυμὸν,
921 3859 955 3920 ὥς
971 3858 1008 3910 δεῖ
1024 3858 1140 3925 σννίχειν
1156 3857 1255 3924 ἀνάγκη

209 3937 324 3986 nuscitur:
342 3935 429 4002 virgil.
444 3935 533 4001 Georg.
547 3935 581 3985 iii.
594 3937 643 3997 853
660 3935 706 3985 Lu·
756 3936 802 3986 τὸν
813 3933 931 4000 χαλινόν,
942 3943 989 3984 etc.

209 4019 266 4060 eret.
281 4027 306 4060 v.
324 4011 368 4060 29.
402 4011 492 4060 Verum
505 4010 561 4077 equi
577 4009 638 4060 Solis
654 4025 707 4075 pro-
788 4011 829 4059 91.
848 4007 1076 4076 neugmate]
1097 4007 1216 4058 Praelata
1230 4017 1255 4058 et

208 4085 707 4152 priedicnnturrrdprvtumidecerda
757 4099 812 4132 vere
830 4092 930 4149 paterna
949 4081 1076 4133 sententia.
1111 4081 1205 4140 Protor,
1228 4091 1255 4132 ut
1294 4120 1302 4138 ,

209 4159 237 4208 ad
251 4159 555 4226 Wrg.AEneid.xii.115.
586 4159 650 4209 Hinc
668 4159 706 4226 as-
756 4157 965 4208 rimabitur.

201 4233 263 4298 ,tant
279 4234 345 4301 apud
361 4243 445 4301 poetas
461 4243 537 4285 terras
551 4251 602 4293 eas,
619 4234 707 4300 quibus
786 4234 828 4282 92.
844 4232 946 4296 Aspice]
968 4230 1032 4290 Duo,
1052 4233 1150 4294 impios:
1178 4229 1252 4295 quod.

207 4309 282 4359 lucen
300 4317 443 4377 apportant:
461 4309 600 4375 ungine.
611 4325 634 4359 ν.
649 4309 706 4360 739.
753 4315 864 4358 monente
882 4307 966 4356 Burni.
978 4305 1090 4371 majorem
1106 4303 1254 4369 diligentiam

208 4382 264 4432 Mox
284 4399 335 4433 ver.
356 4384 412 4433 154.
433 4385 537 4432 kinnim
556 4383 704 4449 flammiferi.
754 4394 779 4434 at
799 4397 881 4432 curam
903 4390 979 4432 notat.
1021 4382 1093 4431 Nunc
1114 4397 1171 4430 varo
1190 4379 1253 4430 solur

208 4455 247 4505 lle
255 4461 389 4520 potiantur,
399 4475 416 4508 a
424 4474 462 4508 mc
473 4457 522 4524 regi
533 4473 559 4508 se
570 4457 705 4525 potiuntun
754 4467 856 4522 aspectu
868 4455 1009 4506 sufficiebat.

206 4537 253 4594 pari
272 4531 304 4584 de
325 4533 437 4600 irnperio:
458 4537 575 4598 meisque
590 4543 705 4598 repugnet
785 4533 827 4584 99.
860 4529 949 4589 Honor,
976 4545 1063 4580 munus
1089 4527 1251 4578 honorificum·

207 4605 308 4666 labsis,-
325 4616 382 4656 sunt
392 4607 510 4674 ergoequi
520 4606 703 4674 σκληροτρόχη-
755 4608 887 4672 Stpgmml.
906 4606 1041 4667 Desstprr:
1053 4601 1250 4653 viuadaesto.
