3588 6000
499 765 564 831 xliv
888 761 1147 828 PRAEFATIO

499 937 679 1023 subjicitur,
693 934 837 1001 amarat
850 935 944 1000 Deua
962 935 1055 1012 idern,
1069 935 1213 1020 idernque
1231 933 1409 1000 manarat:
1424 932 1544 1000 Vulca-

497 1079 560 1122 nus
584 1077 673 1122 arma
694 1056 764 1142 ejus
786 1053 1009 1132 fabricaverat,
1028 1065 1062 1120 et
1084 1055 1168 1141 ignia
1185 1077 1303 1140 corpus
1326 1057 1398 1141 ejus
1416 1057 1544 1122 absum-

497 1185 593 1240 serat.
629 1171 798 1260 Halcyone
819 1175 923 1238 mariti
946 1173 1330 1270 naufragiumlmetuerm,
1346 1185 1381 1239 et
1402 1175 1544 1260 graviter

497 1291 622 1370 dolens,
636 1292 680 1356 xi.
697 1291 777 1356 700:
801 1292 897 1355 Nunc
916 1259 1030 1355 aalma
1044 1313 1157 1378 pereo,
1171 1293 1284 1378 jactor
1298 1315 1379 1356 nunc
1387 1291 1545 1379 stonum

496 1412 620 1491 obem,
636 1411 684 1477 Et
704 1412 772 1476 εἰπε
787 1433 836 1476 me
854 1433 903 1475 nte
914 1419 1035 1497 pontus
1056 1410 1174 1486 haba,-
1194 1432 1268 1496 quoe
1289 1409 1425 1496 argutiae
1441 1409 1543 1476 mtdto

495 1531 672 1596 deteriores
697 1531 793 1596 etiam
818 1539 893 1594 aunt
913 1528 986 1608 illia,
1003 1553 1084 1617 quaa
1103 1529 1240 1596 Thisboe
1263 1531 1386 1596 tribuit.
1432 1529 1542 1596 Etiam

496 1652 530 1715 in
549 1650 623 1716 lusu
637 1650 810 1715 verborum
831 1647 961 1714 lascivia
981 1650 1052 1736 ejus
1071 1650 1190 1735 passim
1208 1649 1449 1715 cernitur.-xi.
1465 1651 1542 1728 484,

496 1770 579 1850 loco,
594 1793 659 1857 quo
673 1771 780 1836 studia
794 1779 965 1836 nautarum
982 1771 1016 1834 in
1029 1769 1278 1855 praesentissimo
1292 1769 1436 1855 periculo
1450 1791 1542 1856 egre-

495 1890 548 1974 gie
576 1865 739 1964 notantur,
769 1887 872 1977 egerit
902 1886 955 1952 dic
980 1885 1115 1973 fluam,
1143 1909 1314 1974 aequorque
1341 1889 1482 1975 resededit
1509 1891 1542 1954 in

494 2008 715 2094 aequore-xii.
740 2007 816 2084 493,
840 2005 978 2072 Caeneua
1003 2028 1112 2072 ensem
1137 2007 1264 2092 corpori
1290 2006 1399 2073 hostili
1426 2008 1542 2074 immic-

495 2149 566 2190 sum
583 2148 679 2190 manu
698 2147 828 2190 versane
849 2127 960 2190 vulnus
980 2125 1014 2188 in
1037 2126 1268 2212 mclneresecit.
1314 2126 1426 2212 Atque
1449 2147 1542 2211 repe·

494 2247 608 2313 titione
617 2248 790 2312 verborum
804 2247 914 2332 inepta
928 2247 1102 2331 saepissime
1117 2245 1211 2323 ludit,
1226 2267 1330 2331 eaque
1340 2255 1430 2310 tanto
1440 2244 1542 2331 magia

495 2365 643 2444 offendit,
661 2365 793 2451 quando
812 2367 846 2430 in
866 2366 980 2432 eadem
998 2364 1108 2430 fabula
1132 2365 1205 2451 plue
1225 2363 1324 2430 semel
1346 2365 1541 2430 occurrit.—

494 2487 535 2551 iv.
556 2485 710 2550 17o195:
738 2483 832 2572 Cepit
850 2507 940 2550 amor
959 2485 1085 2550 Solem:
1107 2485 1194 2550 Solia
1216 2485 1388 2572 reseremus
1406 2508 1539 2551 amores.

494 2607 624 2670 Primae
642 2605 713 2671 Hic
729 2606 847 2670 oidiaoe
863 2605 979 2670 Deice:
1000 2605 1085 2670 videt
1104 2605 1156 2670 tte
1174 2604 1268 2669 Deua
1284 2604 1389 2669 onmia
1403 2606 1539 2692 pinea.

499 2725 614 2790 Tectoc
631 2724 687 2810 poi
706 2723 789 2788 laesit
808 2747 942 2801 amores,
958 2723 1066 2789 Laedo't
1082 2745 1189 2788 amore
1203 2724 1294 2810 pan.
1346 2724 1424 2789 Teia
1438 2745 1542 2790 omnes

495 2845 550 2930 qui
573 2851 678 2908 terrac
702 2843 830 2931 ignibus
852 2845 931 2920 aria,
954 2845 1066 2910 Urmia
1085 2844 1161 2932 igne
1181 2867 1278 2920 acam·
1300 2846 1415 2930 quique
1430 2845 1542 2910 *omnia
1644 2927 1650 2934 η

493 2962 735 3038 cmcrcdebec,
748 2961 947 3026 Leucothean
954 2971 1093 3048 spectac.
1118 2961 1280 3029 Puerilem
1289 2961 1539 3028 adfectationem

492 3079 554 3144 ista
566 3078 705 3159 habent,
728 3079 760 3143 in
775 3080 894 3167 quibus
908 3090 1016 3146 tamen
1031 3079 1189 3167 placuisse
1204 3081 1266 3146 sibi
1280 3091 1379 3166 poeta
1393 3082 1538 3148 videtur:

492 3219 599 3284 neque
609 3197 693 3263 adeo
704 3219 778 3262 eum
789 3207 870 3283 puto
881 3207 1079 3264 resecturum
1095 3197 1193 3264 irrisae
1205 3197 1291 3276 talia,
1304 3199 1331 3264 si
1342 3198 1391 3264 vel
1403 3200 1539 3266 maxime

492 3326 666 3382 retractare
692 3339 775 3402 opua
796 3319 966 3403 potuisset.
1010 3315 1160 3404 Rogatus
1186 3320 1271 3384 enim
1293 3317 1478 3406 aliquando,
1501 3330 1539 3384 ut
1566 3394 1572 3408 ¹

492 3435 627 3513 Seneca,
643 3435 790 3502 Declam.
811 3438 842 3501 ii.
861 3437 973 3516 refert,
993 3440 1035 3505 ab
1053 3439 1174 3516 amicis,
1189 3449 1227 3504 ut
1243 3438 1371 3504 tolleret
1389 3448 1454 3504 tres
1468 3461 1539 3504 rer-

492 3575 557 3631 sus,
578 3555 691 3640 petivit
711 3555 858 3633 invicem,
878 3567 915 3620 ut
938 3557 1199 3642 tres'exciperet,
1220 3557 1254 3622 in
1271 3580 1355 3642 quoa
1377 3556 1440 3622 illia
1459 3555 1539 3621 nihil

490 3671 611 3740 liceret.
647 3672 915 3759 conscripserant
923 3649 986 3752 illi,
1001 3697 1083 3762 quos
1098 3674 1167 3741 tolli
1183 3674 1321 3754 vellent;
1338 3687 1461 3740 secreto
1472 3675 1537 3756 hic,

491 3813 573 3875 quos
599 3801 687 3856 tutos
709 3813 781 3858 esse
796 3791 901 3858 vellet.
948 3793 987 3858 In
1011 3794 1155 3881 utrisque
1179 3793 1333 3860 codicillis
1355 3795 1452 3859 iidem
1469 3817 1540 3860 ver·

492 3929 546 3972 sus
568 3921 672 3986 erant,
694 3909 867 3996 inquibus
892 3913 1145 4002 Semibovemque
1167 3917 1277 3992 cirum,
1301 3917 1539 4001 emmaque

492 4027 608 4104 borma,
627 4037 673 4105 et,
689 4029 861 4118 Egelidum
875 4031 1016 4111 Borean,
1031 4035 1266 4122 Egelidumque
1277 4013 1407 4100 Notum.
1445 4036 1538 4101 Non·

491 4143 580 4210 nulla
601 4168 666 4211 non
689 4146 905 4233 amplificavit,
929 4151 987 4215 sed
1012 4151 1234 4239 prodigialiter
1260 4155 1359 4218 auxit.
1407 4152 1445 4218 In
1469 4176 1536 4238 quo

490 4285 611 4348 genere
622 4276 697 4330 sunt
709 4289 841 4352 serpens
857 4267 971 4333 Cadmi
985 4281 1018 4334 ct
1033 4270 1270 4336 Erisichthonis
1281 4271 1391 4338 fames.
1422 4271 1537 4338 Prodi·

489 4385 577 4469 gium
597 4384 681 4449 enim
703 4397 765 4462 est,
784 4387 929 4472 quodque
952 4389 1081 4464 urbibus
1103 4391 1356 4476 errantiumque
1378 4392 1460 4456 actis
1474 4413 1537 4477 po-

483 4505 564 4590 pulo
575 4513 716 4590 poterat,
731 4526 791 4569 non
805 4505 923 4590 sufficit
937 4507 1000 4571 uni.

532 4625 571 4689 In
591 4625 785 4690 orationibus
803 4633 967 4709 spectatur
983 4625 1059 4706 hoc,
1076 4639 1111 4692 ut
1132 4651 1196 4693 non
1214 4627 1315 4694 solum
1333 4627 1466 4693 consilio
1489 4627 1536 4692 di-
