3512 6010
453 776 518 852 122
746 782 786 848 P.
810 779 972 848 ovlulr
997 780 1211 849 NASONIS

456 973 501 1048 ln
518 989 620 1043 mare
638 960 833 1038 deducunt
848 956 969 1031 fessas
987 957 1174 1033 erroribus
1192 957 1326 1034 undas.

454 1086 619 1165 Inachus
636 1102 734 1153 unus
753 1077 884 1164 abest;
913 1075 1063 1172 imoque
1082 1075 1297 1150 reconditus
1315 1086 1421 1152 antro

454 1203 625 1281 Fletibus
642 1207 759 1292 auget
775 1215 916 1291 aquas3
945 1204 1151 1291 natamque
1169 1192 1398 1270 miserrimus
1417 1193 1460 1268 lo

455 1324 590 1418 Luget,
607 1323 652 1388 ut
669 1311 867 1388 amissam:
896 1310 1031 1397 nescit,
1050 1310 1175 1386 vitane
1192 1309 1348 1400 fruatur,
1426 1316 1499 1388 585

452 1442 514 1514 An
530 1436 579 1510 sit
590 1430 691 1532 apud
704 1451 852 1516 manes3
873 1426 941 1502 sed
952 1451 1068 1526 quarn
1081 1453 1157 1504 non
1172 1429 1313 1505 invenit
1322 1453 1497 1528 usquam,

453 1555 550 1632 Esse
567 1558 679 1650 putat
695 1567 895 1643 nusquam,
915 1555 1032 1644 atque
1049 1547 1173 1621 animo
1190 1550 1321 1647 pejora
1336 1557 1495 1622 veretur.

450 1671 610 1746 Viderat
626 1691 649 1740 a
665 1663 787 1763 patrio
805 1661 1026 1736 redeuntem
1044 1659 1195 1762 Jupiter
1215 1664 1258 1738 lo

453 1785 644 1866 Flumine:
665 1791 716 1868 et,
729 1788 753 1818 ‘⁶
767 1777 801 1852 Ο
817 1776 922 1875 virgo
935 1775 1029 1853 Jove
1047 1778 1173 1876 digna,
1185 1791 1328 1879 tuoque
1343 1780 1496 1854 beatum

451 1903 593 1982 Nescio
610 1922 724 1998 quem
742 1895 887 1970 lactura
903 1904 998 1981 toro,
1017 1907 1118 1993 pete,
1137 1897 1298 1984 dixerat,
1318 1898 1469 1971 umbras

449 2024 625 2097 Alterum
658 2035 877 2100 nemorum;
924 2019 964 2084 et
998 2034 1192 2087 nemorum
1227 2022 1498 2088 monstraverat

600 2133 774 2220 umbras3
1424 2131 1492 2203 591

450 2259 553 2332 Dum
570 2252 682 2336 calet,
700 2258 740 2322 et
755 2245 880 2320 medio
901 2241 967 2318 Sol
985 2255 1044 2317 cst
1062 2243 1266 2319 altissimus
1283 2246 1386 2319 orbe.

480 2513 537 2563 582.
548 2499 792 2566 lamentarent]
811 2500 860 2560 Qui
868 2499 946 2550 diver·
995 2500 1086 2551 (lictum
1102 2501 1176 2552 rideri
1191 2501 1274 2569 possit.
1305 2501 1353 2551 Sed
1367 2510 1497 2551 occurrunt

446 2587 478 2639 sis
486 2586 545 2636 locis
553 2582 578 2633 in
588 2595 653 2630 mare
663 2577 774 2627 influunt.
805 2576 946 2625 Sedornate
996 2575 1054 2626 alibi
1066 2577 1165 2627 similia:
1183 2577 1208 2626 in
1220 2577 1306 2644 clypeo
1314 2577 1389 2626 Turni
1405 2593 1495 2626 amnem

446 2665 491 2712 hoe
502 2657 597 2710 extulit.
630 2653 734 2710 Errom,
742 2647 945 2716 ambagesfluvio·
987 2651 1124 2715 jhndehnt3
1137 2651 1199 2702 infre
1209 2654 1244 2702 xi.
1257 2653 1298 2701 47.
1303 2653 1407 2719 flumina
1417 2653 1493 2714 lacry-

446 2753 497 2787 rum
524 2739 641 2786 tortuosa,
663 2734 705 2777 aut
731 2725 827 2774 omnino
853 2740 945 2774 cursus.
995 2731 1038 2776 mr'r
1054 2731 1184 2778 increscunt
1201 2731 1255 2784 suls,
1266 2727 1362 2776 Homer.
1373 2725 1403 2776 ll.
1418 2725 1436 2774 i.
1450 2727 1496 2774 ll:

449 2811 527 2860 Persas
542 2808 626 2861 unda,
640 2811 667 2852 ut
677 2801 745 2866 sesac
762 2800 834 2864 longa
849 2798 890 2847 via
904 2806 946 2847 eut
995 2795 1137 2868 δακρυχέων
1155 2801 1217 2852 ὥστε
1236 2801 1315 2868 κρήνη
1333 2797 1493 2867 μελάνυδρος.
1589 2844 1593 2855 ,

446 2889 585 2951 tempestate
603 2893 684 2928 naon:
701 2874 769 2940 virg.
782 2875 841 2924 AEn.
856 2872 872 2922 i.
888 2873 944 2922 168.
995 2877 1125 2942 Sequentia
1140 2877 1343 2926 Nescit-veretur
1358 2873 1495 2940 caucanet

447 2962 524 3009 Aaron
531 2957 603 3020 :potio
612 2953 680 3002 leuas
690 2949 752 3000 dixit
762 2949 854 2997 Plinn-
861 2947 906 3014 ΒΡ.
913 2947 946 2996 vi·
994 2951 1094 3017 scriptor
1103 2951 1163 3002 sorte
1171 2951 1317 3001 resecnisset.

450 3036 489 3084 ll.
1027 3027 1084 3076 588.
1104 3027 1198 3077 Viderat
1213 3047 1228 3076 a
1242 3027 1338 3091 patrio]
1357 3025 1493 3076 Secundum

478 3107 535 3159 58³.
561 3101 668 3159 loaehm,
690 3099 830 3164 Argivorum
850 3094 945 3154 fluvius,
996 3101 1493 3168 Valenl'laalupitersepedescesdttarl

446 3183 516 3234 hodie
526 3170 945 3237 Naradseurrensvelaxllrtcmisio.
995 3181 1058 3244 ignes
1068 3175 1119 3235 ran,
1131 3191 1259 3242 eorumque
1275 3176 1389 3226 furtorum
1398 3173 1494 3226 conscia

447 3255 556 3308 Arcadias
575 3259 665 3308 monte,
685 3251 790 3299 Pansan.
810 3245 901 3295 Arcad.
921 3261 945 3311 p.
995 3261 1063 3302 2111„
1073 3251 1184 3302 haphar,
1203 3250 1282 3300 Aliter
1290 3251 1494 3315 mmmm.

445 3321 791 3392 611.vslel.yrceo‚itidem
808 3328 888 3369 mule
898 3318 944 3369 Ar·
993 3327 1042 3375 sius
1062 3341 1111 3376 rem
1137 3334 1216 3376 narrat
1237 3325 1347 3390 AEachyl.
1365 3325 1413 3375 6⁵2
1438 3339 1492 3389 sqq.

447 3405 538 3464 cadim
553 3403 638 3452 Strabo
651 3397 807 3464 nupero.
838 3395 943 3444 Invos·
993 3399 1135 3450 lnitiosaeto
1149 3398 1230 3450 avitis
1244 3397 1372 3448 nocturnis.
1405 3397 1492 3447 Noster

445 3481 494 3530 sill!
502 3478 532 3528 td
541 3475 634 3526 Mel-d·
643 3473 744 3539 hputat,
751 3469 865 3520 confundi
873 3468 943 3534 Argi·
993 3475 1048 3526 Jopi
1058 3475 1140 3526 mbuit
1150 3473 1280 3524 ontionem
1291 3472 1435 3531 infidiam,
1446 3487 1490 3522 cu.

445 3569 527 3604 vorum
546 3549 664 3600 Inachum
682 3560 738 3595 curn
757 3541 849 3593 Inacho
867 3543 942 3609 Epiri,
989 3549 1031 3615 jus
1048 3557 1129 3599 tanen
1146 3547 1254 3599 fraudem
1275 3547 1348 3597 sensit
1365 3545 1489 3612 Nympha,

445 3631 486 3695 qui
508 3643 538 3677 ax
558 3629 639 3676 Lemo
660 3621 778 3688 profluent
801 3619 826 3667 lu
848 3618 943 3668 lonium
992 3633 1017 3675 et
1026 3625 1106 3674 insunt
1116 3623 1226 3690 quedam
1238 3623 1349 3688 ambigue
1359 3621 1431 3672 dieta.
1457 3621 1493 3670 lo.

447 3719 512 3753 mm
522 3719 548 3751 η
559 3707 679 3750 exonerat.
711 3693 796 3755 Falso3
806 3707 862 3741 nam
873 3705 944 3759 poeta
993 3698 1053 3747 Hac
1065 3697 1136 3748 lectio
1147 3697 1239 3748 videtur
1249 3711 1341 3753 means,
1351 3711 1406 3744 nam
1418 3694 1490 3744 nostri

445 3793 500 3828 eum
515 3777 576 3825 inter
590 3789 666 3823 amnes
678 3773 743 3826 altos,
761 3783 776 3817 a
791 3769 943 3835 popularibus
993 3771 1071 3822 codd.
1083 3771 1172 3821 habent
1182 3772 1255 3820 ittam.

444 3853 558 3906 diversos,
569 3847 648 3898 refert.
681 3845 739 3910 Ejus
749 3843 822 3892 filiam
832 3843 860 3893 lo
871 3843 942 3894 lacie-
1025 3845 1081 3895 591.
1097 3845 1203 3894 Alterum
1211 3843 1348 3907 nemorum]
1361 3844 1492 3892 Burmann.

443 3927 504 3975 haut
518 3924 591 3974 etiarn
607 3923 690 3972 Castor
704 3919 729 3968 in
741 3917 874 3975 chronicis,
886 3921 942 3968 AEs-
992 3927 1055 3970 recte
1067 3921 1261 3976 tueturnltornm,
1272 3917 1330 3984 quia
1340 3917 1428 3984 passim
1438 3919 1492 3966 alte

444 3999 509 4064 chyl.
519 4013 574 4047 cnm
585 3995 638 4046 aliis
647 3992 755 4059 Tragieis
769 4001 840 4058 atqua
850 3993 941 4059 Hygia.
990 3996 1052 4044 siloe
1062 4002 1195 4045 occurrunt.

444 4073 492 4124 Sed
502 4069 640 4137 Apollodor.
651 4067 739 4133 aliique
750 4067 812 4123 lano,
824 4067 864 4116 alii
873 4068 941 4124 deai-
1024 4069 1083 4120 592.
1100 4067 1254 4133 ditissimae]
1274 4067 1330 4117 Non
1344 4067 1439 4117 omnino
1454 4081 1491 4116 re-

445 4163 493 4214 qne
514 4145 599 4196 Pirene
623 4153 703 4193 natam
728 4140 864 4208 perhibent:
893 4143 944 4194 vid.
991 4143 1099 4210 spuenda
1122 4143 1216 4192 videtur
1246 4142 1382 4209 conjectura
1409 4143 1492 4192 Burm.

444 4217 722 4284 trummadllyginu.
732 4217 797 4266 tubi
809 4218 892 4285 triplex
902 4217 944 4268 rus
991 4219 1029 4268 Sol
1044 4229 1075 4268 ert
1091 4221 1224 4275 cernimus,
1234 4217 1434 4268 vehementissimi
1449 4232 1489 4266 ea·

442 4307 552 4361 stemma.
584 4295 692 4342 Moercns
715 4291 827 4350 Inachus,
849 4302 943 4360 propter
990 4293 1054 4352 loris,
1075 4302 1102 4343 ut
1120 4292 1204 4343 Horat.
1224 4293 1246 4343 Ι.
1264 4293 1363 4344 Satri.
1387 4293 1438 4342 rat.
1457 4295 1490 4341 sot

445 4371 554 4423 amimam
572 4368 646 4418 liliam
664 4383 690 4418 se
708 4365 772 4416 domi
790 4367 944 4431 coronabat,
990 4372 1076 4424 nerim
1092 4379 1117 4416 et
1135 4366 1199 4433 apud
1215 4367 1353 4418 Archiloch.
1368 4368 1403 4416 sol
1420 4367 1488 4425 uos.

443 4457 470 4496 nt
480 4455 505 4495 et
515 4442 594 4494 moesti
610 4450 634 4491 et
645 4441 754 4507 lugentes
765 4441 850 4498 solent,
860 4443 941 4508 publi·
990 4443 1030 4493 Ita
1040 4443 1102 4493 anim
1113 4457 1187 4492 cerua
1195 4441 1309 4499 redditur,
1315 4455 1358 4492 cur
1367 4457 1488 4492 nemorum

443 4537 499 4572 euru
522 4519 632 4570 vitantes.
673 4515 700 4566 1ο
726 4516 878 4567 accusativus
904 4526 941 4570 est
990 4519 1076 4566 umbra
1090 4516 1244 4582 petendaait.
1274 4517 1348 4566 Etab
1362 4525 1423 4565 estu
1433 4515 1489 4565 salis

444 4589 689 4650 Grecurahlodrls.
991 4592 1125 4658 frequenter
1135 4601 1211 4657 poete
1222 4590 1348 4656 designant
1357 4589 1488 4641 meridiem.

476 4672 533 4720 584.
550 4669 652 4718 Fletibus
674 4676 742 4733 auget
763 4681 840 4731 upana,
859 4666 939 4734 jocose
991 4667 1075 4734 virgil.
1087 4666 1119 4717 G.
1135 4667 1167 4716 iv.
1181 4667 1241 4716 ⁴01:
1261 4667 1348 4716 Medios
1365 4683 1432 4731 quam
1450 4665 1488 4715 Sol
