3518 6008
500 673 567 800 aaa
794 733 833 798 P.
859 730 1021 799 ovlnlr
1045 732 1259 802 NASONIS

502 906 597 982 Pars
615 902 667 980 ibi
685 907 734 982 de
752 918 900 1007 septem
918 907 1056 1005 genitis
1074 907 1288 1009 Amphione
1305 911 1420 988 fortes
1472 918 1541 988 221

497 1023 774 1100 Conscendunt
790 1025 829 1098 in
847 1049 978 1125 equos,
997 1025 1191 1126 Tyrioque
1208 1028 1383 1104 rubentia
1398 1029 1485 1104 foco

461 1221 462 1229 χ
497 1139 622 1238 Terga
644 1151 840 1240 premunt;
869 1164 1038 1241 auroque
1060 1167 1191 1241 graves
1215 1145 1456 1220 moderantur
1477 1143 1544 1220 ha·

649 1258 780 1332 benas.

498 1373 531 1448 E
550 1372 689 1471 quibus
708 1372 891 1462 Ismenos,
909 1376 976 1474 qui
994 1375 1103 1450 matri
1122 1377 1270 1454 sarcina
1286 1379 1478 1476 quondam

495 1490 626 1566 Prima
637 1516 715 1566 suae
728 1491 860 1580 suerat,
873 1494 963 1568 dum
976 1504 1123 1570 certum
1136 1493 1256 1570 flectit
1268 1497 1306 1572 in
1320 1498 1450 1572 orbem
1467 1502 1542 1572 225

494 1605 769 1709 Quadrupedes
787 1635 932 1698 cursus,
951 1611 1242 1711 spumantiaque
1259 1637 1324 1690 ora
1340 1627 1502 1701 coercet,

494 1736 520 1766 “
533 1724 607 1802 Hei
618 1727 709 1802 mihi
720 1727 753 1800 !''
771 1729 1000 1818 conclamat;
1018 1729 1220 1829 medioque
1230 1730 1269 1804 in
1278 1743 1433 1831 pectore
1442 1731 1541 1808 fixrrs

494 1843 589 1920 Tela
605 1847 712 1943 gerit,
731 1846 923 1945 frenisque
942 1871 1055 1922 manu
1074 1849 1256 1923 moriente
1274 1848 1442 1924 remissis

493 1961 540 2036 In
557 1962 656 2038 latus
673 1987 697 2037 a
714 1963 849 2038 dextro
866 1965 1049 2064 paulatim
1066 1965 1199 2040 defluit
1215 1989 1331 2042 armo.

491 2077 707 2167 Proximus,
726 2079 854 2156 audito
872 2080 997 2154 sonitu
1015 2081 1211 2180 perinane
1229 2081 1427 2182 pharetrae,
1464 2085 1538 2156 230

381 2194 385 2208 “
491 2195 612 2272 Frena
624 2196 742 2272 dabat
756 2196 933 2296 Sipylus:
952 2198 1066 2273 veluti
1080 2222 1199 2298 quum
1213 2197 1394 2298 praescius
1407 2199 1537 2274 imbris

490 2312 605 2388 Nube
621 2312 719 2411 fugit
732 2313 824 2400 visa,
843 2315 1127 2415 pendentiaque
1143 2315 1313 2414 undique
1330 2325 1453 2390 rector

489 2430 658 2506 Carbasa
673 2431 842 2517 deducit,
862 2455 910 2506 ne
927 2433 1113 2530 qualevis
1131 2433 1259 2507 effluat
1276 2454 1379 2519 aura,

487 2545 609 2621 Frena
626 2547 762 2622 dabat:
791 2547 945 2624 dantem
962 2573 1038 2624 non
1056 2548 1230 2624 evitabile
1244 2549 1362 2623 telum

488 2661 766 2762 Consequitur3
795 2687 1020 2766 summaque
1037 2677 1202 2772 tremens
1219 2666 1366 2741 cervice
1383 2665 1521 2762 sagitta

487 2777 621 2869 Haesit,
641 2791 681 2856 et
697 2781 856 2858 extabat
871 2783 1016 2860 nudum
1033 2783 1082 2860 de
1100 2791 1254 2882 gutture
1266 2782 1418 2860 ferrum.
1459 2785 1532 2858 236

485 2895 570 2986 llle,
585 2908 630 2973 ut
645 2909 727 2974 erat
743 2923 897 3000 pronus,
917 2926 985 3003 per
1001 2903 1100 2979 eolla
1115 2900 1282 2976 admissa
1292 2900 1485 2999 jubasque

483 3013 656 3091 Volvitur
671 3045 682 3108 ;
708 3029 749 3094 et
765 3019 889 3093 calido
907 3017 1082 3096 tellurem
1099 3014 1282 3115 sanguine
1296 3013 1427 3092 soedat.

482 3129 702 3208 Phaedimus
719 3133 862 3224 infelix,
881 3144 920 3209 et
937 3135 1025 3210 aviti
1042 3132 1202 3209 nominis
1221 3131 1330 3207 heres

514 3359 571 3407 222.
589 3357 748 3408 consuendum
759 3362 786 3408 ἐκ
800 3356 980 3423 quaerentibus
1028 3361 1116 3415 dantia
1126 3373 1156 3407 ex
1166 3355 1276 3407 antennis
1285 3369 1410 3422 manaan.
1428 3355 1492 3406 Vide
1501 3355 1530 3404 ad

481 3431 604 3500 purpureis
612 3440 697 3482 tector.
713 3431 801 3482 Confer
810 3431 860 3482 viii.
870 3433 911 3482 33.
937 3432 980 3482 Se·
1027 3432 1127 3482 iiidssd.
1138 3429 1440 3496 Sanitanaudimquia
1446 3431 1532 3498 Apollo

481 3505 537 3556 culo
547 3515 628 3556 tamen
637 3505 732 3556 beroien
743 3506 923 3556 exercitatione
933 3521 979 3560 non
1027 3521 1082 3557 eum
1099 3505 1210 3570 clangore
1224 3503 1366 3570 sagittam
1382 3503 1409 3554 in
1423 3504 1529 3571 pbmua

480 3579 505 3631 in
522 3595 592 3646 equo,
603 3579 645 3630 sed
661 3579 687 3629 iu
704 3595 774 3628 carra
790 3579 980 3630 instituebantur.
1027 3580 1128 3632 incedit.
1140 3581 1172 3630 ll.
1182 3585 1214 3630 Δ.
1225 3579 1265 3630 46.

481 3655 567 3712 Faces.
589 3654 662 3703 color.
697 3653 936 3718 molemonium
954 3661 981 3705 et
1060 3658 1117 3706 234.
1135 3655 1190 3704 Non
1205 3655 1318 3712 mutila,
1337 3651 1487 3713 inevitabile,
1504 3665 1529 3704 at

479 3743 569 3794 aqum
586 3726 665 3784 truria,
680 3735 705 3776 et
721 3725 774 3794 ipen
790 3727 865 3777 inne.
888 3729 978 3780 Boura.
1029 3727 1436 3786 retentans-Mimanta.

481 3803 586 3862 leaena,
607 3819 623 3852 a
643 3803 716 3852 fluvio
737 3803 849 3854 Boeotiae.
894 3805 980 3856 Gar-ana
1060 3805 1118 3854 237.
1135 3803 1272 3868 Persam]
1302 3803 1529 3852 &itachium

477 3880 634 3941 quadrupede
648 3877 741 3942 paetiea
756 3877 865 3936 andacia
875 3894 917 3940 pro
926 3895 978 3929 cur-
1027 3879 1138 3930 nidentar
1150 3895 1211 3936 erae,
1221 3879 1248 3928 iu
1263 3876 1353 3945 quibus
1368 3878 1436 3928 irena
1450 3877 1529 3926 nana

479 3967 531 4002 aum
542 3951 607 4018 equi,
617 3951 697 4018 ipsum
712 3968 811 4018 equum.
845 3953 939 4003 &tan
952 3957 979 4003 ta
1027 3961 1052 4002 at
1062 3952 1159 4003 remissa
1166 3951 1281 4019 pendent,
1292 3951 1336 4002 sed
1346 3951 1411 4003 eolla
1419 3951 1477 4018 equi
1486 3951 1530 4000 ad·

476 4028 559 4084 ortem
568 4026 594 4075 iu
611 4027 722 4092 palestra
736 4026 843 4092 eqneani
858 4028 979 4078 usitatum
1029 4027 1102 4087 nuni,
1117 4027 1171 4080 lna.
1181 4027 1214 4078 ad
1228 4043 1326 4078 mnam
1337 4025 1443 4084 inuitari,
1453 4039 1530 4091 quau·

479 4099 727 4161 Viennensem
744 4099 977 4166 virginemn.
1028 4115 1100 4166 qaam
1118 4111 1173 4152 tanc
1191 4101 1259 4152 frana
1274 4101 1396 4150 laxantur.
1410 4097 1531 4148 Aesonii.

478 4176 539 4224 l9l:
570 4175 739 4237 wem
763 4191 849 4242 gynet
872 4177 979 4240 incipiat,
1030 4177 1395 4239 labarent-umjons.
1431 4173 1532 4224 Urna.

474 4249 866 4316 gradibnepneaoauraconpoein'a
913 4291 917 4300 .
1027 4249 1245 4302 Videadiim.
1278 4248 1531 4308 Peumata-662.

508 4323 568 4372 229.
585 4323 702 4388 Danaam
710 4323 752 4388 qai
762 4323 889 4382 debilitati,
899 4323 978 4374 animo
1027 4322 1058 4373 de
1078 4335 1194 4383 emunata
1213 4340 1304 4374 curem
1328 4341 1417 4388 prenae
1440 4326 1533 4374 neae.

476 4395 705 4462 eenamcenam
715 4397 843 4446 manentes
851 4398 976 4448 deeidam.
1030 4397 1140 4456 Volui,de
1149 4415 1186 4457 eo,
1196 4399 1238 4464 qni
1247 4415 1355 4466 praecepa
1363 4398 1438 4450 eadit.
1471 4399 1533 4458 Per,

477 4471 585 4538 Dpiuere
599 4470 788 4533 daqauetiam
799 4469 977 4529 [inuadite.
1022 4471 1101 4537 juxta.
1145 4473 1249 4532 Pedere,
1274 4473 1306 4523 da
1330 4471 1448 4538 anaguina
1472 4473 1533 4522 tuso

473 4543 840 4610 neomeniarumque.
1023 4545 1122 4610 puina

507 4620 563 4669 dul.
578 4619 679 4682 Sipylus,
690 4633 705 4668 a
715 4627 794 4668 monte
804 4617 896 4685 Sipylo.
916 4621 976 4670 Pea-
