3512 6010
426 792 897 904 MurnuoupflosEoN
922 794 1013 861 LlB.
1039 795 1067 860 l.
1228 799 1275 864 97

224 969 514 1070 Pulsabantque
531 968 615 1042 novi
634 979 812 1044 montana
824 970 1186 1045 cacurninufluctun
1201 975 1277 1054 310

226 1085 396 1162 Maxima
408 1111 497 1185 pars
515 1087 617 1160 unda
632 1086 797 1185 rapitur:
819 1088 957 1185 quibus
973 1087 1076 1161 unda
1092 1087 1274 1186 pepercit,

225 1201 314 1276 Illos
332 1204 447 1300 longa
464 1204 622 1277 domant
638 1203 741 1302 inopi
755 1203 903 1301 jejunia
919 1203 1035 1277 victu.

275 1318 438 1418 Separat
454 1318 597 1418 Aonios
614 1317 758 1393 Actaeis
776 1319 917 1417 Phocis
936 1319 985 1393 ab
1003 1317 1115 1404 arvia,

225 1432 341 1509 Terra
357 1434 476 1522 ferax,
495 1435 587 1510 dum
604 1443 704 1509 terra
720 1433 811 1524 fuit;
832 1434 900 1508 sed
917 1443 1088 1532 tempore
1101 1433 1140 1506 in
1157 1433 1222 1508 illo

226 1549 321 1623 Pars
339 1550 466 1636 marie,
484 1560 525 1624 et
540 1551 639 1624 latus
659 1549 869 1623 subitarum
887 1573 1044 1648 campus
1062 1573 1258 1647 equarum.

227 1663 340 1765 Mons
359 1665 411 1738 ibi
424 1665 627 1741 verticibus
642 1664 740 1763 petit
752 1664 893 1738 arduus
911 1678 1013 1739 astra
1029 1666 1190 1753 duobus,
1203 1670 1290 1740 316.

230 1781 391 1856 Nomine
410 1781 615 1870 Parnasus,
635 1793 866 1881 superatque
883 1782 1081 1856 cacumine
1098 1782 1231 1856 nubes.

230 1895 302 1969 llic
321 1897 387 1970 ubi
406 1895 629 1984 Deucalion,
649 1921 736 1970 nam
754 1907 882 1972 cetera
899 1907 1049 1972 texerat
1063 1921 1204 1994 aequor,

230 2012 328 2086 Cum
346 2023 521 2089 consorte
539 2014 611 2088 tori
629 2037 743 2112 parva
761 2023 841 2088 rate
859 2023 991 2088 vectus
1009 2012 1192 2099 adhaesit3
1265 2107 1285 2146 ·

228 2276 269 2310 auo
291 2275 394 2324 genere:
406 2260 498 2325 fluetus
523 2263 585 2318 noui,
606 2275 728 2326 uunquam
810 2262 868 2310 317.
886 2259 1026 2324 ramma]
1052 2259 1092 2310 Sic
1113 2259 1155 2309 lat.
1176 2259 1280 2309 scriben-

229 2345 296 2382 autea
306 2333 331 2382 in
342 2334 507 2384 cacuminibus
517 2333 632 2383 montium
644 2333 696 2384 viri.
779 2335 836 2386 ulum
853 2351 913 2392 esse,
929 2351 975 2384 non
991 2335 1127 2392 Pernam,
1141 2333 1184 2382 etri
1200 2335 1280 2384 Greci

259 2410 317 2457 ³12.
350 2408 448 2471 Ieiunia
474 2411 550 2475 leriga,
578 2409 663 2467 fernes,
689 2412 729 2458 du·
779 2409 936 2477 Παρνασσὸς,
954 2417 1034 2458 monet
1047 2407 1207 2458 Brouckh.ad
1222 2407 1279 2456 Pro-

230 2493 300 2538 mant,
319 2483 456 2538 absumunt,
477 2485 540 2545 inopi
558 2486 630 2539 oum,
650 2481 731 2549 inopia
779 2493 840 2550 pert.
857 2483 892 2532 ll.
909 2483 976 2532 xxiii.
997 2485 1033 2532 13.
1068 2484 1196 2539 Parrum,
1213 2497 1281 2532 mour

230 2557 312 2610 rictus.
324 2556 389 2605 uictu
399 2555 525 2606 destitutos
537 2575 543 2604 :
557 2560 648 2606 domare
658 2557 731 2606 inter·
780 2557 903 2615 Phocidis,
912 2561 999 2606 duobus
1008 2559 1137 2612 mileum,
1146 2557 1209 2606 unde
1219 2554 1280 2606 tue

228 2630 284 2678 dum
299 2629 363 2679 idem
377 2646 448 2695 quam
459 2629 598 2688 interlicere,
610 2646 658 2680 ver.
667 2632 729 2691 4473
780 2641 863 2698 ρυφος,
873 2633 945 2694 biceps
958 2639 982 2680 et
998 2633 1096 2679 hiuma
1112 2629 1208 2687 dieitur,
1222 2646 1280 2694 quo-

229 2705 344 2754 imtrdunr
364 2704 443 2754 minus
458 2713 502 2762 est,
516 2705 550 2754 ix.
566 2706 613 2756 74:
631 2705 656 2755 h.
666 2705 684 2754 l.
700 2703 731 2752 de
781 2721 834 2754 rum
844 2705 904 2754 alter
914 2703 1029 2770 Apollini,
1038 2703 1098 2753 alter
1109 2703 1205 2752 Baccho
1216 2719 1283 2752 sacer

230 2787 302 2827 morte
312 2779 386 2828 lenta.
780 2788 845 2830 erat:
863 2779 1041 2829 Lucanum.
1072 2779 1111 2828 Ob
1121 2776 1282 2834 altitudinem,

260 2854 316 2902 313.
351 2854 429 2901 Acuca
455 2869 522 2910 urru,
551 2851 644 2910 Attica,
673 2849 730 2900 olim
781 2869 830 2920 qua
846 2861 937 2916 ruperat
956 2854 1033 2908 auhn,
1048 2851 1097 2900 lere
1117 2867 1210 2916 semper
1227 2851 1282 2900 nive

231 2927 285 2974 Aeta
307 2925 388 2974 dicta:
417 2925 472 2976 vide
491 2925 576 2992 Steph.
598 2925 623 2975 in
644 2923 730 2986 ’Arrr'p
780 2927 872 2977 obsitus
891 2935 935 2977 eat.
972 2924 1053 2975 Schot
1070 2924 1183 2992 Apollon.
1204 2924 1236 2974 ad
1256 2925 1282 2974 ii.

230 3003 310 3056 Aorir,
329 3001 434 3058 Boeotin,
452 3001 483 3050 eh
500 3002 580 3049 Aoniis
599 2999 634 3048 ric
654 2998 729 3056 dicta,
781 3004 840 3052 713.
861 3011 886 3051 et
906 3001 1011 3067 Etymol.
1032 3001 1069 3048 Μ.
1088 2999 1114 3049 in
1133 3001 1283 3066 Παρνασσὸς

229 3075 337 3139 quiante
351 3075 438 3125 Cadmi
455 3075 582 3124 adveutum
600 3073 666 3124 illam
683 3082 730 3124 ter·
781 3077 886 3133 tradunt,
895 3074 1007 3142 quoniam
1019 3073 1148 3140 ἡλάρναξ,
1158 3073 1175 3123 1.
1185 3073 1284 3124 enoris

229 3165 276 3198 ram
296 3151 428 3220 tenebunt:
451 3151 500 3200 viu.
516 3149 548 3198 ad
563 3149 598 3198 iii.
617 3151 641 3198 3.
673 3150 730 3200 Jam
781 3149 937 3202 Deucalionis
964 3165 1046 3216 parva,
1075 3147 1114 3197 hic
1148 3146 1283 3206 adheserit,

228 3227 413 3286 reparet-arria
426 3224 493 3282 iuret,
504 3222 591 3273 Phocis
605 3223 731 3290 interjecta
779 3225 953 3275 inclementem
963 3223 1053 3272 dictum
1065 3237 1116 3272 ease
1129 3224 1283 3289 Δαρνασσὸς,

228 3307 263 3348 est
277 3299 339 3348 inter
354 3298 475 3348 Boeotiam
490 3307 515 3348 et
528 3298 648 3358 Atticam
666 3296 730 3362 quod
769 3298 1072 3366 'undepaulatimiactum
1082 3298 1205 3362 aitllapv.
1229 3297 1283 3347 Nu·

228 3374 435 3424 ertialeissimum.
468 3374 545 3422 Immo
557 3372 652 3422 Boeotia
662 3387 730 3438 repe-
781 3375 833 3440 gar!
862 3375 916 3422 Nec
945 3370 1057 3422 audiendi
1083 3381 1138 3422 runt
1163 3371 1214 3428 alii,
1241 3372 1283 3438 qui

229 3457 263 3496 rat
275 3446 407 3497 Phocidem
425 3449 456 3498 ab
467 3447 557 3498 Attica.
585 3447 733 3512 Coniugium
782 3447 953 3497 Deucalionem
973 3445 1091 3502 (leserunt,
1112 3445 1151 3494 vel
1172 3445 1202 3494 ad
1229 3447 1284 3495 AEt'-

229 3538 283 3586 ergo
301 3538 381 3570 rursus
396 3521 427 3570 acl
443 3521 596 3587 hypallagen.
628 3523 663 3569 At
680 3521 733 3588 quia
783 3538 848 3579 nem,
868 3530 896 3572 ut
913 3520 1003 3586 Hygin.
1021 3520 1059 3569 vel
1082 3535 1136 3569 curu
1154 3519 1235 3569 Servio
1252 3521 1284 3570 ad

230 3597 300 3646 ulem
311 3596 458 3662 hypallagen
469 3597 540 3645 leratl
573 3596 634 3654 Quis
644 3611 690 3646 non
701 3595 732 3646 ri·
782 3595 857 3645 Atho.

230 3672 285 3721 (leat
294 3681 399 3737 poetam,
411 3672 568 3736 quiBatavoe
582 3671 732 3720 iuterWert·
816 3671 873 3719 313.
891 3670 937 3719 Hic
957 3671 996 3718 uhi
1016 3668 1166 3732 Deucalion]
1185 3668 1282 3718 Deuca-

229 3745 321 3810 phalos‚
332 3755 357 3794 et
367 3747 473 3794 Saxonee
483 3745 604 3794 inferiores
616 3745 734 3794 collocetl
783 3743 841 3802 lion,
854 3743 989 3792 Promethei
1007 3742 1078 3798 filius,
1094 3741 1130 3791 vir
1145 3741 1237 3807 integer
1254 3759 1283 3792 ae

230 3820 284 3870 Sine
295 3820 369 3870 dubio
377 3821 408 3869 ab
418 3819 499 3870 Ovidii
507 3835 578 3868 manu
587 3819 656 3868 fluxit
665 3819 734 3870 OEtoe-
783 3818 845 3884 pius.
870 3816 1159 3882 vid.flyg·rn.nb.15³.

230 3899 367 3945 isabaniu
398 3895 462 3944 Nam
473 3893 560 3943 Phocis
569 3894 735 3944 sitacstinter
816 3893 874 3941 319.
894 3892 988 3939 Consors
1010 3891 1062 3947 tori,
1084 3888 1143 3952 etc]
1167 3887 1282 3955 Ὀμολεκ-

231 3971 311 4019 OEtnm
331 3976 435 4018 montem
451 3978 475 4017 et
494 3968 620 4017 Boeotiaru.
654 3968 734 4016 Etiam
773 3965 994 4038 ffrpiffllibietiam
1004 3966 1285 4016 murmurillum.

231 4042 267 4091 lb.
277 4043 337 4093 349.
347 4058 389 4108 pro
401 4041 471 4092 OEraeo
481 4040 578 4107 quidam
590 4041 680 4091 hahent
688 4044 730 4090 Ao
784 4041 940 4090 aulaeum
959 4049 1022 4088 nunc
1041 4039 1137 4087 omniuo
1156 4039 1285 4105 appellere,

232 4128 277 4166 reo.
303 4116 389 4166 Posset
399 4115 471 4165 etiam
483 4115 507 4164 h.
519 4115 537 4164 1.
549 4115 605 4181 legi,
617 4117 693 4166 (Eleis
702 4118 732 4164 uh
783 4130 858 4180 quum
868 4130 904 4179 pr.
914 4112 944 4162 de
959 4111 1061 4162 navibus
1070 4111 1172 4169 dicatur,
1183 4129 1237 4178 quui
1254 4114 1285 4164 ed

223 4195 298 4256 jugis.
782 4187 893 4253 reopulos
908 4195 950 4236 aut
964 4186 989 4235 in
1002 4187 1057 4236 loca
1070 4187 1159 4237 vadosa
1171 4187 1282 4237 deferun-

262 4266 318 4314 314.
335 4265 400 4312 Dum
419 4272 481 4312 lma
492 4262 568 4329 fuit]
586 4263 676 4313 Valent
693 4272 731 4313 ta·
783 4269 830 4317 tur,
848 4275 893 4309 nec
910 4259 965 4309 inde
984 4259 1057 4310 avelli
1072 4269 1179 4328 poscunt.
1205 4261 1284 4311 Etiam

231 4338 262 4387 lia
282 4339 313 4388 acl
339 4337 568 4387 commiserationem
590 4337 734 4388 faciendam.
783 4335 867 4384 Senec·
878 4335 911 4383 N.
922 4335 953 4392 Q.
965 4333 1050 4384 11127.
1061 4333 1091 4384 de
1105 4333 1207 4385 diluvioz
1227 4337 1284 4386 Edi·

232 4413 311 4470 Quum
325 4411 386 4477 jem,
406 4425 456 4460 ver.
471 4411 517 4460 291
536 4427 590 4476 aqq.
606 4410 734 4460 lectoribus
784 4410 873 4457 tirrimir
885 4409 1008 4472 quibusque
1024 4411 1168 4458 adherebunt
1183 4411 1285 4472 reliquie

232 4483 733 4550 menlmmt,omniapoutumfuisee‚idem
782 4483 985 4550 generirhuaurri.
1011 4480 1284 4533 ParmruthillaGrae·

231 4575 277 4682 Ε
295 4558 402 4610 debebat
419 4573 482 4608 nunc
500 4558 545 4616 bia,
563 4567 587 4608 ct
607 4575 656 4607 ver.
676 4559 733 4607 313.
784 4557 819 4606 cia
828 4555 932 4623 λάρναξ,
943 4556 1001 4630 rutle
1012 4556 1141 4622 navigium.

278 4634 312 4690 el,
325 4631 411 4700 repeti.
