<?xml version="1.0" encoding="UTF-8"?>
<!DOCTYPE html PUBLIC "-//W3C//DTD XHTML 1.0 Transitional//EN"
    "http://www.w3.org/TR/xhtml1/DTD/xhtml1-transitional.dtd">
<html xmlns="http://www.w3.org/1999/xhtml" xml:lang="en" lang="en">
 <head>
  <title>
</title>
<meta http-equiv="Content-Type" content="text/html;charset=utf-8" />
  <meta name='ocr-system' content='tesseract 3.04.00' />
  <meta name='ocr-capabilities' content='ocr_page ocr_carea ocr_par ocr_line ocrx_word'/>
</head>
<body>
  <div class='ocr_page' id='page_1' title='image "./opera01giergoog/opera01giergoog_0164.png"; bbox 0 0 3512 6010; ppageno 0'>
   <div class='ocr_carea' id='block_1_1' title="bbox 475 778 1232 851">
    <p class='ocr_par' dir='ltr' id='par_1_1' title="bbox 475 778 1232 851">
     <span class='ocr_line' id='line_1_1' title="bbox 475 778 1232 851; baseline -0.004 0"><span class='ocrx_word' id='word_1_1' title='bbox 475 783 542 851; x_wconf 78' lang='lat'><strong>156</strong></span> <span class='ocrx_word' id='word_1_2' title='bbox 766 779 807 846; x_wconf 89' lang='lat' dir='ltr'><strong>P.</strong></span> <span class='ocrx_word' id='word_1_3' title='bbox 830 778 993 847; x_wconf 87' lang='lat' dir='ltr'><strong>0v1n11</strong></span> <span class='ocrx_word' id='word_1_4' title='bbox 1017 781 1232 849; x_wconf 82' lang='lat' dir='ltr'><strong>NASONIS</strong></span> 
     </span>
    </p>
   </div>
   <div class='ocr_carea' id='block_1_2' title="bbox 470 955 1526 1990">
    <p class='ocr_par' dir='ltr' id='par_1_2' title="bbox 472 955 1526 1292">
     <span class='ocr_line' id='line_1_2' title="bbox 475 955 1479 1060; baseline 0.001 -26"><span class='ocrx_word' id='word_1_5' title='bbox 475 959 565 1060; x_wconf 89' lang='lat' dir='ltr'><strong>Ipse</strong></span> <span class='ocrx_word' id='word_1_6' title='bbox 582 967 716 1058; x_wconf 74' lang='lat' dir='ltr'><strong>pavet,;</strong></span> <span class='ocrx_word' id='word_1_7' title='bbox 738 979 807 1031; x_wconf 87' lang='lat' dir='ltr'><strong>nec</strong></span> <span class='ocrx_word' id='word_1_8' title='bbox 823 979 900 1055; x_wconf 78' lang='lat' dir='ltr'><strong>que</strong></span> <span class='ocrx_word' id='word_1_9' title='bbox 915 955 1139 1032; x_wconf 83' lang='lat' dir='ltr'><strong>commissas</strong></span> <span class='ocrx_word' id='word_1_10' title='bbox 1154 957 1284 1032; x_wconf 85' lang='lat' dir='ltr'><strong>flectat</strong></span> <span class='ocrx_word' id='word_1_11' title='bbox 1300 958 1479 1048; x_wconf 82' lang='lat' dir='ltr'><strong>habenae,</strong></span> 
     </span>
     <span class='ocr_line' id='line_1_3' title="bbox 476 1071 1526 1173; baseline 0.001 -23"><span class='ocrx_word' id='word_1_12' title='bbox 476 1076 558 1150; x_wconf 89' lang='lat' dir='ltr'><strong>Nec</strong></span> <span class='ocrx_word' id='word_1_13' title='bbox 569 1075 731 1172; x_wconf 80' lang='lat' dir='ltr'><strong>scitque</strong></span> <span class='ocrx_word' id='word_1_14' title='bbox 740 1071 790 1148; x_wconf 88' lang='lat' dir='ltr'><strong>sit</strong></span> <span class='ocrx_word' id='word_1_15' title='bbox 799 1071 889 1160; x_wconf 81' lang='lat' dir='ltr'><strong>iter3</strong></span> <span class='ocrx_word' id='word_1_16' title='bbox 906 1095 990 1158; x_wconf 89' lang='lat' dir='ltr'><strong>nec,</strong></span> <span class='ocrx_word' id='word_1_17' title='bbox 1002 1073 1034 1146; x_wconf 93' lang='lat' dir='ltr'><strong>si</strong></span> <span class='ocrx_word' id='word_1_18' title='bbox 1045 1075 1153 1160; x_wconf 82' lang='lat' dir='ltr'><strong>sciat,</strong></span> <span class='ocrx_word' id='word_1_19' title='bbox 1164 1075 1326 1173; x_wconf 86' lang='lat' dir='ltr'><strong>imperet</strong></span> <span class='ocrx_word' id='word_1_20' title='bbox 1334 1076 1421 1150; x_wconf 82' lang='lat' dir='ltr'><strong>illis‘.</strong></span> <span class='ocrx_word' id='word_1_21' title='bbox 1446 1073 1526 1152; x_wconf 80' lang='lat'>170·</span> 
     </span>
     <span class='ocr_line' id='line_1_4' title="bbox 472 1189 1366 1292; baseline 0 -26"><span class='ocrx_word' id='word_1_22' title='bbox 472 1193 571 1266; x_wconf 90' lang='lat' dir='ltr'><strong>Tum</strong></span> <span class='ocrx_word' id='word_1_23' title='bbox 588 1192 750 1292; x_wconf 90' lang='lat' dir='ltr'><strong>primum</strong></span> <span class='ocrx_word' id='word_1_24' title='bbox 767 1189 881 1263; x_wconf 83' lang='lat' dir='ltr'><strong>radiis</strong></span> <span class='ocrx_word' id='word_1_25' title='bbox 898 1189 1014 1287; x_wconf 86' lang='lat' dir='ltr'><strong>gelidi</strong></span> <span class='ocrx_word' id='word_1_26' title='bbox 1031 1191 1180 1266; x_wconf 81' lang='lat' dir='ltr'><strong>caluere</strong></span> <span class='ocrx_word' id='word_1_27' title='bbox 1196 1191 1366 1280; x_wconf 85' lang='lat' dir='ltr'><strong>Triones,</strong></span> 
     </span>
    </p>

    <p class='ocr_par' dir='ltr' id='par_1_3' title="bbox 470 1305 1518 1990">
     <span class='ocr_line' id='line_1_5' title="bbox 474 1305 1342 1406; baseline 0.001 -24"><span class='ocrx_word' id='word_1_28' title='bbox 474 1308 525 1382; x_wconf 89' lang='lat' dir='ltr'><strong>Et</strong></span> <span class='ocrx_word' id='word_1_29' title='bbox 541 1307 658 1383; x_wconf 85' lang='lat' dir='ltr'><strong>vetito</strong></span> <span class='ocrx_word' id='word_1_30' title='bbox 675 1305 813 1380; x_wconf 79' lang='lat' dir='ltr'><strong>frustm</strong></span> <span class='ocrx_word' id='word_1_31' title='bbox 829 1307 1022 1380; x_wconf 73' lang='lat' dir='ltr'><strong>tentdrunt</strong></span> <span class='ocrx_word' id='word_1_32' title='bbox 1037 1331 1188 1405; x_wconf 84' lang='lat' dir='ltr'><strong>aequore</strong></span> <span class='ocrx_word' id='word_1_33' title='bbox 1207 1308 1342 1406; x_wconf 86' lang='lat' dir='ltr'><strong>tingui.</strong></span> 
     </span>
     <span class='ocr_line' id='line_1_6' title="bbox 472 1422 1512 1526; baseline -0.001 -26"><span class='ocrx_word' id='word_1_34' title='bbox 472 1425 647 1525; x_wconf 85' lang='lat' dir='ltr'><strong>Qoaeque</strong></span> <span class='ocrx_word' id='word_1_35' title='bbox 670 1423 756 1523; x_wconf 93' lang='lat' dir='ltr'><strong>polo</strong></span> <span class='ocrx_word' id='word_1_36' title='bbox 772 1423 897 1522; x_wconf 86' lang='lat' dir='ltr'><strong>posita</strong></span> <span class='ocrx_word' id='word_1_37' title='bbox 914 1432 974 1496; x_wconf 82' lang='lat' dir='ltr'><strong>est</strong></span> <span class='ocrx_word' id='word_1_38' title='bbox 990 1422 1137 1520; x_wconf 81' lang='lat' dir='ltr'><strong>glaciali</strong></span> <span class='ocrx_word' id='word_1_39' title='bbox 1156 1425 1329 1524; x_wconf 83' lang='lat' dir='ltr'><strong>proxima</strong></span> <span class='ocrx_word' id='word_1_40' title='bbox 1345 1449 1512 1526; x_wconf 72' lang='lat' dir='ltr'><strong>serpenS,</strong></span> 
     </span>
     <span class='ocr_line' id='line_1_7' title="bbox 472 1540 1334 1640; baseline -0.001 -23"><span class='ocrx_word' id='word_1_41' title='bbox 472 1543 625 1640; x_wconf 84' lang='lat' dir='ltr'><strong>Frigore</strong></span> <span class='ocrx_word' id='word_1_42' title='bbox 642 1541 750 1640; x_wconf 79' lang='lat' dir='ltr'><strong>pigra</strong></span> <span class='ocrx_word' id='word_1_43' title='bbox 767 1540 884 1640; x_wconf 81' lang='lat' dir='ltr'><strong>prius,</strong></span> <span class='ocrx_word' id='word_1_44' title='bbox 903 1565 975 1615; x_wconf 89' lang='lat' dir='ltr'><strong>nee</strong></span> <span class='ocrx_word' id='word_1_45' title='bbox 991 1540 1236 1617; x_wconf 86' lang='lat' dir='ltr'><strong>formidabilis</strong></span> <span class='ocrx_word' id='word_1_46' title='bbox 1255 1542 1334 1629; x_wconf 93' lang='lat' dir='ltr'><strong>ulli,</strong></span> 
     </span>
     <span class='ocr_line' id='line_1_8' title="bbox 471 1656 1518 1756; baseline -0.001 -22"><span class='ocrx_word' id='word_1_47' title='bbox 471 1658 658 1747; x_wconf 76' lang='lat' dir='ltr'><strong>Incaluit3</strong></span> <span class='ocrx_word' id='word_1_48' title='bbox 688 1656 926 1756; x_wconf 87' lang='lat' dir='ltr'><strong>sumpsitque</strong></span> <span class='ocrx_word' id='word_1_49' title='bbox 942 1679 1058 1731; x_wconf 84' lang='lat' dir='ltr'><strong>novas</strong></span> <span class='ocrx_word' id='word_1_50' title='bbox 1076 1656 1282 1732; x_wconf 86' lang='lat' dir='ltr'><strong>fervoribus</strong></span> <span class='ocrx_word' id='word_1_51' title='bbox 1299 1658 1386 1734; x_wconf 84' lang='lat' dir='ltr'><strong>iras.</strong></span> <span class='ocrx_word' id='word_1_52' title='bbox 1447 1662 1518 1733; x_wconf 80' lang='lat'><strong>175</strong></span> 
     </span>
     <span class='ocr_line' id='line_1_9' title="bbox 470 1765 1445 1878; baseline -0.001 -29"><span class='ocrx_word' id='word_1_53' title='bbox 470 1776 526 1852; x_wconf 91' lang='lat' dir='ltr'><strong>Te</strong></span> <span class='ocrx_word' id='word_1_54' title='bbox 541 1765 695 1878; x_wconf 71' lang='lat' dir='ltr'><strong>quoque</strong></span> <span class='ocrx_word' id='word_1_55' title='bbox 706 1774 898 1848; x_wconf 84' lang='lat' dir='ltr'><strong>turbatum</strong></span> <span class='ocrx_word' id='word_1_56' title='bbox 912 1784 1121 1849; x_wconf 84' lang='lat' dir='ltr'><strong>memorant</strong></span> <span class='ocrx_word' id='word_1_57' title='bbox 1137 1773 1291 1872; x_wconf 85' lang='lat' dir='ltr'>fugisse,</span> <span class='ocrx_word' id='word_1_58' title='bbox 1312 1773 1445 1861; x_wconf 87' lang='lat' dir='ltr'><strong>Boote,</strong></span> 
     </span>
     <span class='ocr_line' id='line_1_10' title="bbox 471 1890 1513 1990; baseline -0.004 -22"><span class='ocrx_word' id='word_1_59' title='bbox 471 1892 653 1978; x_wconf 83' lang='lat' dir='ltr'><strong>Quamvis</strong></span> <span class='ocrx_word' id='word_1_60' title='bbox 670 1890 800 1966; x_wconf 85' lang='lat' dir='ltr'><strong>tardus</strong></span> <span class='ocrx_word' id='word_1_61' title='bbox 817 1914 915 1977; x_wconf 85' lang='lat' dir='ltr'><strong>eras,</strong></span> <span class='ocrx_word' id='word_1_62' title='bbox 933 1899 973 1964; x_wconf 88' lang='lat' dir='ltr'><strong>et</strong></span> <span class='ocrx_word' id='word_1_63' title='bbox 988 1897 1028 1964; x_wconf 86' lang='lat' dir='ltr'><strong>te</strong></span> <span class='ocrx_word' id='word_1_64' title='bbox 1044 1899 1113 1964; x_wconf 85' lang='lat' dir='ltr'><strong>tua</strong></span> <span class='ocrx_word' id='word_1_65' title='bbox 1134 1891 1301 1990; x_wconf 85' lang='lat' dir='ltr'><strong>plaustra</strong></span> <span class='ocrx_word' id='word_1_66' title='bbox 1318 1891 1513 1966; x_wconf 80' lang='lat' dir='ltr'><strong>tenebant.</strong></span> 
     </span>
    </p>
   </div>
   <div class='ocr_carea' id='block_1_3' title="bbox 465 2090 1556 4024">
    <p class='ocr_par' dir='ltr' id='par_1_4' title="bbox 465 2090 1556 4024">
     <span class='ocr_line' id='line_1_11' title="bbox 470 2090 1515 2160; baseline -0.004 -16"><span class='ocrx_word' id='word_1_67' title='bbox 470 2093 563 2152; x_wconf 69' lang='lat' dir='ltr'><strong>deatun</strong></span> <span class='ocrx_word' id='word_1_68' title='bbox 584 2100 667 2160; x_wconf 78' lang='lat' dir='ltr'><strong>sponte</strong></span> <span class='ocrx_word' id='word_1_69' title='bbox 692 2090 806 2158; x_wconf 83' lang='lat' dir='ltr'><strong>relinquit</strong></span> <span class='ocrx_word' id='word_1_70' title='bbox 825 2100 968 2142; x_wconf 73' lang='lat' dir='ltr'><strong>monstratae</strong></span> <span class='ocrx_word' id='word_1_71' title='bbox 1052 2093 1106 2142; x_wconf 82' lang='lat'><strong>1⁷³.</strong></span> <span class='ocrx_word' id='word_1_72' title='bbox 1123 2091 1239 2156; x_wconf 67' lang='lat' dir='ltr'><strong>Serpens]</strong></span> <span class='ocrx_word' id='word_1_73' title='bbox 1257 2093 1296 2141; x_wconf 88' lang='lat' dir='ltr'><strong>De</strong></span> <span class='ocrx_word' id='word_1_74' title='bbox 1311 2091 1471 2155; x_wconf 73' lang='lat' dir='ltr'><strong>serpmuvid.</strong></span> <span class='ocrx_word' id='word_1_75' title='bbox 1483 2091 1515 2140; x_wconf 86' lang='lat' dir='ltr'><strong>ad</strong></span> 
     </span>
     <span class='ocr_line' id='line_1_12' title="bbox 469 2164 1514 2232; baseline -0.004 -14"><span class='ocrx_word' id='word_1_76' title='bbox 469 2167 530 2218; x_wconf 80' lang='lat' dir='ltr'><strong>viar.</strong></span> <span class='ocrx_word' id='word_1_77' title='bbox 1015 2181 1066 2215; x_wconf 81' lang='lat' dir='ltr'><strong>ver.</strong></span> <span class='ocrx_word' id='word_1_78' title='bbox 1087 2167 1143 2216; x_wconf 77' lang='lat'><strong>138.</strong></span> <span class='ocrx_word' id='word_1_79' title='bbox 1173 2167 1256 2232; x_wconf 76' lang='lat' dir='ltr'><strong>Pigra,</strong></span> <span class='ocrx_word' id='word_1_80' title='bbox 1272 2164 1330 2231; x_wconf 81' lang='lat' dir='ltr'><strong>quie</strong></span> <span class='ocrx_word' id='word_1_81' title='bbox 1350 2165 1417 2214; x_wconf 85' lang='lat' dir='ltr'><strong>tarde</strong></span> <span class='ocrx_word' id='word_1_82' title='bbox 1435 2181 1514 2214; x_wconf 83' lang='lat' dir='ltr'><strong>move-</strong></span> 
     </span>
     <span class='ocr_line' id='line_1_13' title="bbox 504 2239 1062 2305; baseline -0.002 -15"><span class='ocrx_word' id='word_1_83' title='bbox 504 2244 559 2291; x_wconf 88' lang='grc'><strong>171.</strong></span> <span class='ocrx_word' id='word_1_84' title='bbox 571 2241 629 2290; x_wconf 82' lang='lat' dir='ltr'><strong>Tum</strong></span> <span class='ocrx_word' id='word_1_85' title='bbox 638 2243 746 2303; x_wconf 79' lang='lat' dir='ltr'><strong>primurn,</strong></span> <span class='ocrx_word' id='word_1_86' title='bbox 754 2240 814 2305; x_wconf 77' lang='lat' dir='ltr'><strong>etc]</strong></span> <span class='ocrx_word' id='word_1_87' title='bbox 829 2239 876 2290; x_wconf 85' lang='lat' dir='ltr'><strong>Hic</strong></span> <span class='ocrx_word' id='word_1_88' title='bbox 886 2257 968 2292; x_wconf 80' lang='lat' dir='ltr'><strong>verena</strong></span> <span class='ocrx_word' id='word_1_89' title='bbox 1015 2247 1062 2289; x_wconf 86' lang='lat' dir='ltr'><strong>tur.</strong></span> 
     </span>
     <span class='ocr_line' id='line_1_14' title="bbox 469 2311 1514 2382; baseline -0.005 -16"><span class='ocrx_word' id='word_1_90' title='bbox 469 2317 504 2366; x_wconf 80' lang='lat' dir='ltr'><strong>ita</strong></span> <span class='ocrx_word' id='word_1_91' title='bbox 514 2315 599 2380; x_wconf 80' lang='lat' dir='ltr'><strong>legitur</strong></span> <span class='ocrx_word' id='word_1_92' title='bbox 612 2313 638 2362; x_wconf 92' lang='lat' dir='ltr'><strong>in</strong></span> <span class='ocrx_word' id='word_1_93' title='bbox 652 2323 730 2362; x_wconf 77' lang='lat' dir='ltr'><strong>nostro</strong></span> <span class='ocrx_word' id='word_1_94' title='bbox 742 2313 803 2364; x_wconf 86' lang='lat' dir='ltr'><strong>Cod.</strong></span> <span class='ocrx_word' id='word_1_95' title='bbox 814 2313 848 2363; x_wconf 85' lang='lat' dir='ltr'><strong>R.</strong></span> <span class='ocrx_word' id='word_1_96' title='bbox 858 2314 909 2362; x_wconf 57' lang='lat' dir='ltr'><strong>Aa</strong></span> <span class='ocrx_word' id='word_1_97' title='bbox 927 2315 967 2364; x_wconf 87' lang='lat' dir='ltr'><strong>So-</strong></span> <span class='ocrx_word' id='word_1_98' title='bbox 1051 2315 1307 2382; x_wconf 76' lang='lat' dir='ltr'><strong>174.Frigorepigra.]</strong></span> <span class='ocrx_word' id='word_1_99' title='bbox 1317 2315 1442 2381; x_wconf 79' lang='lat' dir='ltr'><strong>Serpentee</strong></span> <span class='ocrx_word' id='word_1_100' title='bbox 1450 2311 1514 2362; x_wconf 87' lang='lat' dir='ltr'><strong>enirn</strong></span> 
     </span>
     <span class='ocr_line' id='line_1_15' title="bbox 470 2389 1517 2456; baseline -0.004 -16"><span class='ocrx_word' id='word_1_101' title='bbox 470 2395 498 2440; x_wconf 79' lang='lat' dir='ltr'><strong>lie</strong></span> <span class='ocrx_word' id='word_1_102' title='bbox 509 2401 559 2440; x_wconf 80' lang='lat' dir='ltr'><strong>tum</strong></span> <span class='ocrx_word' id='word_1_103' title='bbox 570 2391 644 2438; x_wconf 81' lang='lat' dir='ltr'><strong>redilr</strong></span> <span class='ocrx_word' id='word_1_104' title='bbox 652 2390 725 2454; x_wconf 81' lang='lat' dir='ltr'><strong>gelidi</strong></span> <span class='ocrx_word' id='word_1_105' title='bbox 739 2391 856 2437; x_wconf 79' lang='lat' dir='ltr'><strong>incaluere</strong></span> <span class='ocrx_word' id='word_1_106' title='bbox 866 2389 967 2439; x_wconf 73' lang='lat' dir='ltr'><strong>Triones.</strong></span> <span class='ocrx_word' id='word_1_107' title='bbox 1016 2405 1090 2456; x_wconf 86' lang='lat' dir='ltr'><strong>quum</strong></span> <span class='ocrx_word' id='word_1_108' title='bbox 1106 2390 1191 2455; x_wconf 77' lang='lat' dir='ltr'><strong>frigore</strong></span> <span class='ocrx_word' id='word_1_109' title='bbox 1205 2391 1291 2455; x_wconf 75' lang='lat' dir='ltr'><strong>rigent.</strong></span> <span class='ocrx_word' id='word_1_110' title='bbox 1302 2405 1395 2439; x_wconf 82' lang='lat' dir='ltr'><strong>venena</strong></span> <span class='ocrx_word' id='word_1_111' title='bbox 1405 2396 1517 2454; x_wconf 77' lang='lat' dir='ltr'><strong>torpent3</strong></span> 
     </span>
     <span class='ocr_line' id='line_1_16' title="bbox 471 2461 1514 2530; baseline -0.002 -16"><span class='ocrx_word' id='word_1_112' title='bbox 471 2467 574 2521; x_wconf 75' lang='lat' dir='ltr'><strong>Triones,</strong></span> <span class='ocrx_word' id='word_1_113' title='bbox 588 2473 679 2530; x_wconf 78' lang='lat' dir='ltr'><strong>reptem</strong></span> <span class='ocrx_word' id='word_1_114' title='bbox 694 2462 770 2513; x_wconf 74' lang='lat' dir='ltr'><strong>atella</strong></span> <span class='ocrx_word' id='word_1_115' title='bbox 788 2461 924 2512; x_wconf 74' lang='lat' dir='ltr'><strong>clarissima</strong></span> <span class='ocrx_word' id='word_1_116' title='bbox 941 2464 968 2514; x_wconf 90' lang='lat' dir='ltr'><strong>in</strong></span> <span class='ocrx_word' id='word_1_117' title='bbox 1016 2463 1068 2521; x_wconf 84' lang='lat' dir='ltr'><strong>aed,</strong></span> <span class='ocrx_word' id='word_1_118' title='bbox 1081 2464 1123 2514; x_wconf 88' lang='lat' dir='ltr'><strong>ubi</strong></span> <span class='ocrx_word' id='word_1_119' title='bbox 1139 2465 1296 2522; x_wconf 86' lang='lat' dir='ltr'><strong>incaluerunt,</strong></span> <span class='ocrx_word' id='word_1_120' title='bbox 1308 2464 1356 2514; x_wconf 82' lang='lat' dir='ltr'><strong>rim</strong></span> <span class='ocrx_word' id='word_1_121' title='bbox 1370 2479 1437 2513; x_wconf 80' lang='lat' dir='ltr'><strong>auam</strong></span> <span class='ocrx_word' id='word_1_122' title='bbox 1455 2462 1514 2512; x_wconf 87' lang='lat' dir='ltr'><strong>reci-</strong></span> 
     </span>
     <span class='ocr_line' id='line_1_17' title="bbox 470 2537 1515 2604; baseline -0.006 -13"><span class='ocrx_word' id='word_1_123' title='bbox 470 2543 532 2591; x_wconf 78' lang='lat' dir='ltr'><strong>Urea</strong></span> <span class='ocrx_word' id='word_1_124' title='bbox 551 2539 646 2604; x_wconf 79' lang='lat' dir='ltr'><strong>majora,</strong></span> <span class='ocrx_word' id='word_1_125' title='bbox 668 2553 729 2603; x_wconf 80' lang='lat' dir='ltr'><strong>quaa</strong></span> <span class='ocrx_word' id='word_1_126' title='bbox 750 2537 830 2587; x_wconf 72' lang='lat' dir='ltr'><strong>Greci</strong></span> <span class='ocrx_word' id='word_1_127' title='bbox 856 2539 967 2604; x_wconf 74' lang='grc' dir='ltr'><strong>ἅμαξαν,</strong></span> <span class='ocrx_word' id='word_1_128' title='bbox 1016 2538 1094 2604; x_wconf 88' lang='lat' dir='ltr'><strong>piunt.</strong></span> <span class='ocrx_word' id='word_1_129' title='bbox 1121 2538 1184 2589; x_wconf 82' lang='lat' dir='ltr'><strong>Vide</strong></span> <span class='ocrx_word' id='word_1_130' title='bbox 1198 2540 1282 2589; x_wconf 83' lang='lat' dir='ltr'><strong>Senec.</strong></span> <span class='ocrx_word' id='word_1_131' title='bbox 1298 2538 1374 2604; x_wconf 78' lang='lat' dir='ltr'><strong>Epist.</strong></span> <span class='ocrx_word' id='word_1_132' title='bbox 1390 2537 1442 2587; x_wconf 81' lang='lat' dir='ltr'><strong>xlii.</strong></span> <span class='ocrx_word' id='word_1_133' title='bbox 1473 2537 1515 2604; x_wconf 93' lang='lat' dir='ltr'><strong>Ip-</strong></span> 
     </span>
     <span class='ocr_line' id='line_1_18' title="bbox 469 2610 1515 2681; baseline -0.003 -18"><span class='ocrx_word' id='word_1_134' title='bbox 469 2611 703 2681; x_wconf 78' lang='lat' dir='ltr'><strong>plaustrum.1atini</strong></span> <span class='ocrx_word' id='word_1_135' title='bbox 718 2622 799 2676; x_wconf 76' lang='lat' dir='ltr'><strong>reptem</strong></span> <span class='ocrx_word' id='word_1_136' title='bbox 814 2615 898 2660; x_wconf 70' lang='lat' dir='ltr'><strong>triones</strong></span> <span class='ocrx_word' id='word_1_137' title='bbox 912 2613 966 2661; x_wconf 80' lang='lat' dir='ltr'><strong>dir·</strong></span> <span class='ocrx_word' id='word_1_138' title='bbox 1016 2612 1249 2678; x_wconf 75' lang='lat' dir='ltr'><strong>rumfriguudicitur</strong></span> <span class='ocrx_word' id='word_1_139' title='bbox 1257 2610 1515 2679; x_wconf 57' lang='lat' dir='ltr'><strong>pigrumquiapigror,</strong></span> 
     </span>
     <span class='ocr_line' id='line_1_19' title="bbox 468 2684 1515 2752; baseline -0.007 -12"><span class='ocrx_word' id='word_1_140' title='bbox 468 2685 624 2752; x_wconf 68' lang='lat' dir='ltr'><strong>eruntque</strong></span> <span class='ocrx_word' id='word_1_141' title='bbox 643 2685 703 2735; x_wconf 85' lang='lat' dir='ltr'><strong>olim</strong></span> <span class='ocrx_word' id='word_1_142' title='bbox 723 2687 768 2735; x_wconf 78' lang='lat' dir='ltr'><strong>rub</strong></span> <span class='ocrx_word' id='word_1_143' title='bbox 795 2685 901 2752; x_wconf 72' lang='lat' dir='ltr'><strong>plaustri,</strong></span> <span class='ocrx_word' id='word_1_144' title='bbox 924 2695 966 2736; x_wconf 90' lang='lat' dir='ltr'><strong>aut</strong></span> <span class='ocrx_word' id='word_1_145' title='bbox 1016 2686 1187 2736; x_wconf 82' lang='lat' dir='ltr'><strong>tardoaraddit.</strong></span> <span class='ocrx_word' id='word_1_146' title='bbox 1204 2688 1295 2736; x_wconf 87' lang='lat' dir='ltr'><strong>Verum</strong></span> <span class='ocrx_word' id='word_1_147' title='bbox 1304 2687 1364 2736; x_wconf 77' lang='lat' dir='ltr'><strong>talea</strong></span> <span class='ocrx_word' id='word_1_148' title='bbox 1371 2686 1437 2736; x_wconf 80' lang='lat' dir='ltr'><strong>luaue</strong></span> <span class='ocrx_word' id='word_1_149' title='bbox 1444 2684 1515 2736; x_wconf 84' lang='lat' dir='ltr'><strong>alieni</strong></span> 
     </span>
     <span class='ocr_line' id='line_1_20' title="bbox 468 2760 1374 2830; baseline -0.003 -18"><span class='ocrx_word' id='word_1_150' title='bbox 468 2771 559 2830; x_wconf 83' lang='lat' dir='ltr'><strong>reptem</strong></span> <span class='ocrx_word' id='word_1_151' title='bbox 570 2761 652 2816; x_wconf 81' lang='lat' dir='ltr'><strong>bodrn,</strong></span> <span class='ocrx_word' id='word_1_152' title='bbox 659 2761 718 2826; x_wconf 81' lang='lat' dir='ltr'><strong>jugo</strong></span> <span class='ocrx_word' id='word_1_153' title='bbox 730 2761 875 2827; x_wconf 82' lang='lat' dir='ltr'><strong>junctorum,</strong></span> <span class='ocrx_word' id='word_1_154' title='bbox 885 2762 966 2828; x_wconf 70' lang='lat' dir='ltr'><strong>specie</strong></span> <span class='ocrx_word' id='word_1_155' title='bbox 1015 2769 1071 2810; x_wconf 82' lang='lat' dir='ltr'><strong>aunt</strong></span> <span class='ocrx_word' id='word_1_156' title='bbox 1081 2762 1141 2810; x_wconf 88' lang='lat' dir='ltr'><strong>tanti</strong></span> <span class='ocrx_word' id='word_1_157' title='bbox 1149 2761 1206 2812; x_wconf 79' lang='lat' dir='ltr'><strong>mali</strong></span> <span class='ocrx_word' id='word_1_158' title='bbox 1217 2760 1374 2812; x_wconf 77' lang='lat' dir='ltr'><strong>enarratione.</strong></span> 
     </span>
     <span class='ocr_line' id='line_1_21' title="bbox 468 2833 1516 2904; baseline -0.006 -16"><span class='ocrx_word' id='word_1_159' title='bbox 468 2836 736 2904; x_wconf 81' lang='lat' dir='ltr'><strong>comprehendebantur.</strong></span> <span class='ocrx_word' id='word_1_160' title='bbox 764 2836 865 2894; x_wconf 74' lang='lat' dir='ltr'><strong>Triones,</strong></span> <span class='ocrx_word' id='word_1_161' title='bbox 881 2838 965 2886; x_wconf 81' lang='lat' dir='ltr'><strong>vocal).</strong></span> <span class='ocrx_word' id='word_1_162' title='bbox 1049 2836 1104 2886; x_wconf 81' lang='lat'><strong>176.</strong></span> <span class='ocrx_word' id='word_1_163' title='bbox 1121 2835 1222 2900; x_wconf 68' lang='lat' dir='ltr'><strong>Booten]</strong></span> <span class='ocrx_word' id='word_1_164' title='bbox 1241 2835 1312 2886; x_wconf 89' lang='lat' dir='ltr'><strong>Sidua</strong></span> <span class='ocrx_word' id='word_1_165' title='bbox 1327 2835 1448 2886; x_wconf 77' lang='lat' dir='ltr'><strong>stellarum</strong></span> <span class='ocrx_word' id='word_1_166' title='bbox 1465 2833 1516 2884; x_wconf 80' lang='lat' dir='ltr'><strong>xiv.</strong></span> 
     </span>
     <span class='ocr_line' id='line_1_22' title="bbox 467 2909 1513 2976; baseline -0.005 -13"><span class='ocrx_word' id='word_1_167' title='bbox 467 2913 581 2963; x_wconf 84' lang='lat' dir='ltr'><strong>rusticum</strong></span> <span class='ocrx_word' id='word_1_168' title='bbox 590 2921 614 2962; x_wconf 86' lang='lat' dir='ltr'><strong>ct</strong></span> <span class='ocrx_word' id='word_1_169' title='bbox 625 2911 757 2975; x_wconf 83' lang='lat' dir='ltr'><strong>antiquum,</strong></span> <span class='ocrx_word' id='word_1_170' title='bbox 768 2926 816 2976; x_wconf 89' lang='lat' dir='ltr'><strong>quo</strong></span> <span class='ocrx_word' id='word_1_171' title='bbox 826 2911 882 2960; x_wconf 85' lang='lat' dir='ltr'><strong>olim</strong></span> <span class='ocrx_word' id='word_1_172' title='bbox 893 2912 966 2962; x_wconf 80' lang='lat' dir='ltr'><strong>boves</strong></span> <span class='ocrx_word' id='word_1_173' title='bbox 1012 2909 1079 2975; x_wconf 80' lang='lat' dir='ltr'><strong>juxta</strong></span> <span class='ocrx_word' id='word_1_174' title='bbox 1093 2911 1179 2960; x_wconf 82' lang='lat' dir='ltr'><strong>Uraam</strong></span> <span class='ocrx_word' id='word_1_175' title='bbox 1189 2912 1310 2976; x_wconf 83' lang='lat' dir='ltr'><strong>majorem,</strong></span> <span class='ocrx_word' id='word_1_176' title='bbox 1320 2926 1394 2975; x_wconf 89' lang='lat' dir='ltr'><strong>quam</strong></span> <span class='ocrx_word' id='word_1_177' title='bbox 1407 2909 1513 2974; x_wconf 78' lang='lat' dir='ltr'><strong>requitur</strong></span> 
     </span>
     <span class='ocr_line' id='line_1_23' title="bbox 468 2985 1511 3054; baseline -0.007 -15"><span class='ocrx_word' id='word_1_178' title='bbox 468 2988 673 3054; x_wconf 77' lang='lat' dir='ltr'><strong>significabantur:</strong></span> <span class='ocrx_word' id='word_1_179' title='bbox 692 2985 783 3050; x_wconf 80' lang='lat' dir='ltr'><strong>Hygin.</strong></span> <span class='ocrx_word' id='word_1_180' title='bbox 799 2987 829 3034; x_wconf 88' lang='lat' dir='ltr'><strong>P.</strong></span> <span class='ocrx_word' id='word_1_181' title='bbox 842 2987 875 3034; x_wconf 85' lang='lat' dir='ltr'><strong>A.</strong></span> <span class='ocrx_word' id='word_1_182' title='bbox 890 2985 916 3035; x_wconf 87' lang='lat' dir='ltr'><strong>ii.</strong></span> <span class='ocrx_word' id='word_1_183' title='bbox 931 2988 962 3048; x_wconf 73' lang='lat'><strong>²3</strong></span> <span class='ocrx_word' id='word_1_184' title='bbox 1015 2993 1040 3034; x_wconf 89' lang='lat' dir='ltr'><strong>et</strong></span> <span class='ocrx_word' id='word_1_185' title='bbox 1049 2985 1123 3034; x_wconf 83' lang='lat' dir='ltr'><strong>veluti</strong></span> <span class='ocrx_word' id='word_1_186' title='bbox 1138 2993 1225 3044; x_wconf 73' lang='lat' dir='ltr'><strong>servat,</strong></span> <span class='ocrx_word' id='word_1_187' title='bbox 1235 2985 1299 3034; x_wconf 88' lang='lat' dir='ltr'><strong>unde</strong></span> <span class='ocrx_word' id='word_1_188' title='bbox 1314 2985 1377 3036; x_wconf 84' lang='lat' dir='ltr'><strong>idem</strong></span> <span class='ocrx_word' id='word_1_189' title='bbox 1386 2985 1511 3048; x_wconf 72' lang='lat' dir='ltr'><strong>Arctophy-</strong></span> 
     </span>
     <span class='ocr_line' id='line_1_24' title="bbox 468 3059 1512 3126; baseline -0.007 -12"><span class='ocrx_word' id='word_1_190' title='bbox 468 3063 572 3120; x_wconf 73' lang='lat' dir='ltr'><strong>Gellius,</strong></span> <span class='ocrx_word' id='word_1_191' title='bbox 585 3059 699 3111; x_wconf 83' lang='lat' dir='ltr'><strong>N.A.li.</strong></span> <span class='ocrx_word' id='word_1_192' title='bbox 710 3062 751 3109; x_wconf 82' lang='lat'><strong>21.</strong></span> <span class='ocrx_word' id='word_1_193' title='bbox 779 3060 812 3118; x_wconf 82' lang='lat' dir='ltr'><strong>H.</strong></span> <span class='ocrx_word' id='word_1_194' title='bbox 822 3059 840 3109; x_wconf 90' lang='lat' dir='ltr'><strong>l.</strong></span> <span class='ocrx_word' id='word_1_195' title='bbox 850 3069 878 3110; x_wconf 91' lang='lat' dir='ltr'><strong>ut</strong></span> <span class='ocrx_word' id='word_1_196' title='bbox 892 3077 964 3126; x_wconf 70' lang='lat' dir='ltr'><strong>eope,</strong></span> <span class='ocrx_word' id='word_1_197' title='bbox 1014 3061 1061 3108; x_wconf 80' lang='lat' dir='ltr'><strong>lor.</strong></span> <span class='ocrx_word' id='word_1_198' title='bbox 1089 3059 1138 3108; x_wconf 85' lang='lat' dir='ltr'><strong>Sed</strong></span> <span class='ocrx_word' id='word_1_199' title='bbox 1158 3076 1232 3125; x_wconf 84' lang='lat' dir='ltr'><strong>quum</strong></span> <span class='ocrx_word' id='word_1_200' title='bbox 1252 3061 1314 3120; x_wconf 75' lang='lat' dir='ltr'><strong>Ursa</strong></span> <span class='ocrx_word' id='word_1_201' title='bbox 1330 3059 1402 3108; x_wconf 89' lang='lat' dir='ltr'><strong>etiam</strong></span> <span class='ocrx_word' id='word_1_202' title='bbox 1419 3060 1512 3126; x_wconf 72' lang='grc' dir='ltr'><strong><em>ἅμαξα,</em></strong></span> 
     </span>
     <span class='ocr_line' id='line_1_25' title="bbox 466 3133 1556 3204; baseline -0.005 -15"><span class='ocrx_word' id='word_1_203' title='bbox 466 3138 606 3204; x_wconf 75' lang='lat' dir='ltr'><strong>intelligitur</strong></span> <span class='ocrx_word' id='word_1_204' title='bbox 617 3137 679 3186; x_wconf 87' lang='lat' dir='ltr'><strong>Uraa</strong></span> <span class='ocrx_word' id='word_1_205' title='bbox 688 3135 763 3201; x_wconf 83' lang='lat' dir='ltr'><strong>major</strong></span> <span class='ocrx_word' id='word_1_206' title='bbox 771 3144 796 3184; x_wconf 88' lang='lat' dir='ltr'><strong>et</strong></span> <span class='ocrx_word' id='word_1_207' title='bbox 805 3135 888 3185; x_wconf 86' lang='lat' dir='ltr'><strong>minor.</strong></span> <span class='ocrx_word' id='word_1_208' title='bbox 908 3135 964 3185; x_wconf 91' lang='lat' dir='ltr'><strong>Vir·</strong></span> <span class='ocrx_word' id='word_1_209' title='bbox 1012 3135 1151 3196; x_wconf 78' lang='lat' dir='ltr'><strong>plaustrum,</strong></span> <span class='ocrx_word' id='word_1_210' title='bbox 1162 3143 1294 3191; x_wconf 83' lang='lat' dir='ltr'><strong>vocaretur.</strong></span> <span class='ocrx_word' id='word_1_211' title='bbox 1311 3133 1403 3199; x_wconf 82' lang='lat' dir='ltr'><strong>placuit</strong></span> <span class='ocrx_word' id='word_1_212' title='bbox 1420 3133 1512 3183; x_wconf 78' lang='lat' dir='ltr'><strong>Grecis</strong></span> <span class='ocrx_word' id='word_1_213' title='bbox 1542 3159 1556 3184; x_wconf 74' lang='grc' dir='ltr'><strong><em>ο</em></strong></span> 
     </span>
     <span class='ocr_line' id='line_1_26' title="bbox 466 3206 1511 3277; baseline -0.006 -15"><span class='ocrx_word' id='word_1_214' title='bbox 466 3215 509 3277; x_wconf 78' lang='lat' dir='ltr'><strong>gil.</strong></span> <span class='ocrx_word' id='word_1_215' title='bbox 521 3215 578 3263; x_wconf 84' lang='lat' dir='ltr'><strong>AEn.</strong></span> <span class='ocrx_word' id='word_1_216' title='bbox 589 3209 608 3259; x_wconf 87' lang='lat' dir='ltr'><strong>i.</strong></span> <span class='ocrx_word' id='word_1_217' title='bbox 619 3211 676 3260; x_wconf 76' lang='lat'><strong>744.</strong></span> <span class='ocrx_word' id='word_1_218' title='bbox 691 3212 776 3276; x_wconf 69' lang='lat' dir='ltr'><strong>garini</strong></span> <span class='ocrx_word' id='word_1_219' title='bbox 791 3210 894 3260; x_wconf 73' lang='lat' dir='ltr'><strong>Triones.</strong></span> <span class='ocrx_word' id='word_1_220' title='bbox 921 3209 964 3270; x_wconf 88' lang='lat' dir='ltr'><strong>Hi,</strong></span> <span class='ocrx_word' id='word_1_221' title='bbox 1013 3206 1070 3256; x_wconf 89' lang='lat' dir='ltr'><strong>huic</strong></span> <span class='ocrx_word' id='word_1_222' title='bbox 1097 3223 1191 3274; x_wconf 86' lang='lat' dir='ltr'><strong>quoque</strong></span> <span class='ocrx_word' id='word_1_223' title='bbox 1214 3207 1286 3257; x_wconf 80' lang='lat' dir='ltr'><strong>rideri</strong></span> <span class='ocrx_word' id='word_1_224' title='bbox 1314 3207 1400 3264; x_wconf 83' lang='lat' dir='ltr'><strong>vicino,</strong></span> <span class='ocrx_word' id='word_1_225' title='bbox 1426 3223 1511 3258; x_wconf 88' lang='lat' dir='ltr'><strong>nornen</strong></span> 
     </span>
     <span class='ocr_line' id='line_1_27' title="bbox 466 3279 1511 3356; baseline -0.008 -17"><span class='ocrx_word' id='word_1_226' title='bbox 466 3287 579 3356; x_wconf 87' lang='lat' dir='ltr'><strong>quoniam</strong></span> <span class='ocrx_word' id='word_1_227' title='bbox 594 3285 663 3352; x_wconf 84' lang='lat' dir='ltr'><strong>polue</strong></span> <span class='ocrx_word' id='word_1_228' title='bbox 683 3285 872 3350; x_wconf 70' lang='lat' dir='ltr'><strong>septentrionalis</strong></span> <span class='ocrx_word' id='word_1_229' title='bbox 892 3301 964 3352; x_wconf 71' lang='lat' dir='ltr'><strong>supra</strong></span> <span class='ocrx_word' id='word_1_230' title='bbox 1014 3279 1050 3330; x_wconf 90' lang='lat' dir='ltr'><strong>illi</strong></span> <span class='ocrx_word' id='word_1_231' title='bbox 1067 3280 1273 3332; x_wconf 83' lang='lat' dir='ltr'><strong>accommodatum</strong></span> <span class='ocrx_word' id='word_1_232' title='bbox 1298 3281 1427 3348; x_wconf 85' lang='lat' dir='ltr'><strong>imponere,</strong></span> <span class='ocrx_word' id='word_1_233' title='bbox 1447 3281 1511 3332; x_wconf 88' lang='lat' dir='ltr'><strong>unde</strong></span> 
     </span>
     <span class='ocr_line' id='line_1_28' title="bbox 466 3355 1510 3423; baseline -0.007 -10"><span class='ocrx_word' id='word_1_234' title='bbox 466 3364 581 3414; x_wconf 83' lang='lat' dir='ltr'><strong>finitorem</strong></span> <span class='ocrx_word' id='word_1_235' title='bbox 597 3367 702 3410; x_wconf 70' lang='lat' dir='ltr'><strong>neutrum</strong></span> <span class='ocrx_word' id='word_1_236' title='bbox 719 3358 825 3408; x_wconf 79' lang='lat' dir='ltr'><strong>elevetur</strong></span> <span class='ocrx_word' id='word_1_237' title='bbox 842 3368 886 3418; x_wconf 81' lang='lat' dir='ltr'><strong>eat,</strong></span> <span class='ocrx_word' id='word_1_238' title='bbox 902 3376 964 3410; x_wconf 89' lang='lat' dir='ltr'><strong>nun·</strong></span> <span class='ocrx_word' id='word_1_239' title='bbox 1016 3357 1102 3412; x_wconf 75' lang='lat' dir='ltr'><strong>Bootes.</strong></span> <span class='ocrx_word' id='word_1_240' title='bbox 1120 3357 1138 3405; x_wconf 91' lang='lat' dir='ltr'><strong>i.</strong></span> <span class='ocrx_word' id='word_1_241' title='bbox 1154 3373 1175 3406; x_wconf 88' lang='lat' dir='ltr'><strong>e.</strong></span> <span class='ocrx_word' id='word_1_242' title='bbox 1195 3355 1267 3406; x_wconf 84' lang='lat' dir='ltr'><strong>botlm</strong></span> <span class='ocrx_word' id='word_1_243' title='bbox 1287 3356 1407 3423; x_wconf 73' lang='lat' dir='ltr'><strong>impulsor,</strong></span> <span class='ocrx_word' id='word_1_244' title='bbox 1425 3357 1510 3407; x_wconf 89' lang='lat' dir='ltr'><strong>bubul-</strong></span> 
     </span>
     <span class='ocr_line' id='line_1_29' title="bbox 465 3431 1510 3505; baseline -0.005 -17"><span class='ocrx_word' id='word_1_245' title='bbox 465 3453 539 3505; x_wconf 86' lang='lat' dir='ltr'><strong>quam</strong></span> <span class='ocrx_word' id='word_1_246' title='bbox 548 3433 669 3491; x_wconf 84' lang='lat' dir='ltr'><strong>occidunt,</strong></span> <span class='ocrx_word' id='word_1_247' title='bbox 679 3440 729 3490; x_wconf 84' lang='lat' dir='ltr'><strong>ant,</strong></span> <span class='ocrx_word' id='word_1_248' title='bbox 740 3447 847 3482; x_wconf 78' lang='lat' dir='ltr'><strong>sermone</strong></span> <span class='ocrx_word' id='word_1_249' title='bbox 860 3432 963 3500; x_wconf 86' lang='lat' dir='ltr'><strong>poetico,</strong></span> <span class='ocrx_word' id='word_1_250' title='bbox 1012 3447 1070 3481; x_wconf 82' lang='lat' dir='ltr'><strong>cua:</strong></span> <span class='ocrx_word' id='word_1_251' title='bbox 1089 3433 1144 3482; x_wconf 81' lang='lat' dir='ltr'><strong>vide</strong></span> <span class='ocrx_word' id='word_1_252' title='bbox 1155 3431 1245 3497; x_wconf 80' lang='lat' dir='ltr'><strong>Hygia.</strong></span> <span class='ocrx_word' id='word_1_253' title='bbox 1256 3433 1288 3482; x_wconf 79' lang='lat' dir='ltr'><strong>A.</strong></span> <span class='ocrx_word' id='word_1_254' title='bbox 1297 3433 1327 3481; x_wconf 92' lang='lat' dir='ltr'><strong>P.</strong></span> <span class='ocrx_word' id='word_1_255' title='bbox 1334 3432 1361 3481; x_wconf 87' lang='lat' dir='ltr'><strong>ii.</strong></span> <span class='ocrx_word' id='word_1_256' title='bbox 1371 3435 1395 3482; x_wconf 84' lang='grc'><strong>4.</strong></span> <span class='ocrx_word' id='word_1_257' title='bbox 1412 3433 1437 3483; x_wconf 76' lang='lat' dir='ltr'><strong>la</strong></span> <span class='ocrx_word' id='word_1_258' title='bbox 1445 3449 1510 3490; x_wconf 73' lang='lat' dir='ltr'><strong>vero„</strong></span> 
     </span>
     <span class='ocr_line' id='line_1_30' title="bbox 466 3505 1509 3578; baseline -0.004 -17"><span class='ocrx_word' id='word_1_259' title='bbox 466 3525 588 3578; x_wconf 86' lang='lat' dir='ltr'><strong>nunquam</strong></span> <span class='ocrx_word' id='word_1_260' title='bbox 608 3525 695 3572; x_wconf 68' lang='lat' dir='ltr'><strong>epam</strong></span> <span class='ocrx_word' id='word_1_261' title='bbox 717 3511 866 3572; x_wconf 72' lang='lat' dir='ltr'><strong>tinguuntur.</strong></span> <span class='ocrx_word' id='word_1_262' title='bbox 899 3508 963 3560; x_wconf 78' lang='lat' dir='ltr'><strong>lsrnc</strong></span> <span class='ocrx_word' id='word_1_263' title='bbox 1013 3521 1086 3571; x_wconf 87' lang='lat' dir='ltr'><strong>quum</strong></span> <span class='ocrx_word' id='word_1_264' title='bbox 1103 3515 1128 3556; x_wconf 91' lang='lat' dir='ltr'><strong>et</strong></span> <span class='ocrx_word' id='word_1_265' title='bbox 1141 3505 1192 3573; x_wconf 83' lang='lat' dir='ltr'><strong>ipae</strong></span> <span class='ocrx_word' id='word_1_266' title='bbox 1206 3506 1274 3556; x_wconf 83' lang='lat' dir='ltr'><strong>tarde</strong></span> <span class='ocrx_word' id='word_1_267' title='bbox 1289 3515 1418 3565; x_wconf 83' lang='lat' dir='ltr'><strong>moveatur,</strong></span> <span class='ocrx_word' id='word_1_268' title='bbox 1432 3523 1448 3556; x_wconf 84' lang='lat' dir='ltr'><strong>a</strong></span> <span class='ocrx_word' id='word_1_269' title='bbox 1462 3508 1509 3558; x_wconf 89' lang='lat' dir='ltr'><strong>Ju-</strong></span> 
     </span>
     <span class='ocr_line' id='line_1_31' title="bbox 465 3581 1510 3649; baseline -0.005 -12"><span class='ocrx_word' id='word_1_270' title='bbox 465 3587 570 3639; x_wconf 84' lang='lat' dir='ltr'><strong>auaviter</strong></span> <span class='ocrx_word' id='word_1_271' title='bbox 591 3582 676 3649; x_wconf 74' lang='lat' dir='ltr'><strong>Virgll.</strong></span> <span class='ocrx_word' id='word_1_272' title='bbox 697 3582 729 3632; x_wconf 86' lang='lat' dir='ltr'><strong>G.</strong></span> <span class='ocrx_word' id='word_1_273' title='bbox 750 3581 767 3630; x_wconf 90' lang='lat' dir='ltr'><strong>i.</strong></span> <span class='ocrx_word' id='word_1_274' title='bbox 787 3583 855 3632; x_wconf 78' lang='lat'>246:</span> <span class='ocrx_word' id='word_1_275' title='bbox 883 3585 965 3634; x_wconf 71' lang='lat' dir='ltr'><strong>Arctoe</strong></span> <span class='ocrx_word' id='word_1_276' title='bbox 1013 3583 1083 3631; x_wconf 88' lang='lat' dir='ltr'><strong>venal</strong></span> <span class='ocrx_word' id='word_1_277' title='bbox 1093 3582 1437 3632; x_wconf 77' lang='lat' dir='ltr'><strong>Sat.v.23.etaNoatroIll.</strong></span> <span class='ocrx_word' id='word_1_278' title='bbox 1445 3583 1510 3632; x_wconf 75' lang='lat' dir='ltr'><strong>Fert.</strong></span> 
     </span>
     <span class='ocr_line' id='line_1_32' title="bbox 467 3655 1509 3723; baseline -0.005 -11"><span class='ocrx_word' id='word_1_279' title='bbox 467 3663 552 3712; x_wconf 78' lang='lat' dir='ltr'><strong>Omni</strong></span> <span class='ocrx_word' id='word_1_280' title='bbox 566 3667 690 3708; x_wconf 69' lang='lat' dir='ltr'><strong>metuam</strong></span> <span class='ocrx_word' id='word_1_281' title='bbox 703 3673 790 3720; x_wconf 73' lang='lat' dir='ltr'><strong>equore</strong></span> <span class='ocrx_word' id='word_1_282' title='bbox 803 3659 889 3722; x_wconf 78' lang='lat' dir='ltr'><strong>tingui.</strong></span> <span class='ocrx_word' id='word_1_283' title='bbox 915 3657 963 3708; x_wconf 87' lang='lat' dir='ltr'><strong>Sed</strong></span> <span class='ocrx_word' id='word_1_284' title='bbox 1013 3655 1069 3705; x_wconf 82' lang='lat'><strong>405.</strong></span> <span class='ocrx_word' id='word_1_285' title='bbox 1079 3659 1265 3721; x_wconf 69' lang='lat' dir='ltr'><strong>pigerrimum,</strong></span> <span class='ocrx_word' id='word_1_286' title='bbox 1282 3655 1306 3705; x_wconf 90' lang='lat' dir='ltr'><strong>h.</strong></span> <span class='ocrx_word' id='word_1_287' title='bbox 1317 3657 1335 3705; x_wconf 92' lang='lat' dir='ltr'><strong>l.</strong></span> <span class='ocrx_word' id='word_1_288' title='bbox 1346 3659 1434 3714; x_wconf 77' lang='lat' dir='ltr'><strong>turdus,</strong></span> <span class='ocrx_word' id='word_1_289' title='bbox 1445 3657 1509 3723; x_wconf 89' lang='lat' dir='ltr'><strong>quod</strong></span> 
     </span>
     <span class='ocr_line' id='line_1_33' title="bbox 466 3729 1508 3798; baseline -0.005 -13"><span class='ocrx_word' id='word_1_290' title='bbox 466 3739 554 3788; x_wconf 79' lang='lat' dir='ltr'><strong>Noster</strong></span> <span class='ocrx_word' id='word_1_291' title='bbox 573 3732 680 3783; x_wconf 79' lang='lat' dir='ltr'><strong>fabulam</strong></span> <span class='ocrx_word' id='word_1_292' title='bbox 705 3731 744 3780; x_wconf 85' lang='lat' dir='ltr'><strong>hic</strong></span> <span class='ocrx_word' id='word_1_293' title='bbox 765 3729 870 3796; x_wconf 74' lang='lat' dir='ltr'><strong>respicit,</strong></span> <span class='ocrx_word' id='word_1_294' title='bbox 891 3747 964 3798; x_wconf 87' lang='lat' dir='ltr'><strong>quarn</strong></span> <span class='ocrx_word' id='word_1_295' title='bbox 1012 3729 1134 3795; x_wconf 84' lang='lat' dir='ltr'><strong>epitheton</strong></span> <span class='ocrx_word' id='word_1_296' title='bbox 1144 3731 1205 3780; x_wconf 85' lang='lat' dir='ltr'><strong>bene</strong></span> <span class='ocrx_word' id='word_1_297' title='bbox 1217 3729 1328 3780; x_wconf 82' lang='lat' dir='ltr'><strong>convenit</strong></span> <span class='ocrx_word' id='word_1_298' title='bbox 1336 3731 1455 3788; x_wconf 77' lang='lat' dir='ltr'><strong>bubulcis,</strong></span> <span class='ocrx_word' id='word_1_299' title='bbox 1466 3733 1508 3797; x_wconf 88' lang='lat' dir='ltr'><strong>qui</strong></span> 
     </span>
     <span class='ocr_line' id='line_1_34' title="bbox 466 3804 1510 3870; baseline -0.007 -9"><span class='ocrx_word' id='word_1_300' title='bbox 466 3805 821 3870; x_wconf 49' lang='lat' dir='ltr'><strong>memoraretur·</strong></span> <span class='ocrx_word' id='word_1_301' title='bbox 1012 3804 1510 3870; x_wconf 60' lang='lat' dir='ltr'><strong>Pmpterboumtardiutemetipriurdi</strong></span> 
     </span>
     <span class='ocr_line' id='line_1_35' title="bbox 501 3877 1511 3944; baseline -0.003 -11"><span class='ocrx_word' id='word_1_302' title='bbox 501 3886 555 3933; x_wconf 80' lang='lat'><strong>172.</strong></span> <span class='ocrx_word' id='word_1_303' title='bbox 571 3883 645 3930; x_wconf 82' lang='lat' dir='ltr'><strong>Vatito</strong></span> <span class='ocrx_word' id='word_1_304' title='bbox 654 3879 762 3944; x_wconf 67' lang='lat' dir='ltr'><strong>aprima]</strong></span> <span class='ocrx_word' id='word_1_305' title='bbox 781 3878 881 3928; x_wconf 78' lang='lat' dir='ltr'><strong>Velitum</strong></span> <span class='ocrx_word' id='word_1_306' title='bbox 889 3897 964 3944; x_wconf 73' lang='lat' dir='ltr'><strong>apocr</strong></span> <span class='ocrx_word' id='word_1_307' title='bbox 1012 3888 1076 3928; x_wconf 77' lang='lat' dir='ltr'><strong>aunt.</strong></span> <span class='ocrx_word' id='word_1_308' title='bbox 1100 3877 1185 3944; x_wconf 71' lang='lat' dir='ltr'><strong>virgil.</strong></span> <span class='ocrx_word' id='word_1_309' title='bbox 1196 3879 1247 3928; x_wconf 76' lang='lat' dir='ltr'><strong>net</strong></span> <span class='ocrx_word' id='word_1_310' title='bbox 1259 3895 1283 3929; x_wconf 86' lang='lat' dir='ltr'><strong>x.</strong></span> <span class='ocrx_word' id='word_1_311' title='bbox 1293 3880 1333 3928; x_wconf 82' lang='lat'><strong>19.</strong></span> <span class='ocrx_word' id='word_1_312' title='bbox 1350 3884 1415 3930; x_wconf 78' lang='lat' dir='ltr'><strong>tardi</strong></span> <span class='ocrx_word' id='word_1_313' title='bbox 1430 3897 1511 3936; x_wconf 70' lang='lat' dir='ltr'><strong>nrm</strong></span> 
     </span>
     <span class='ocr_line' id='line_1_36' title="bbox 465 3951 1509 4024; baseline -0.002 -18"><span class='ocrx_word' id='word_1_314' title='bbox 465 3957 543 4024; x_wconf 87' lang='lat' dir='ltr'><strong>(quod</strong></span> <span class='ocrx_word' id='word_1_315' title='bbox 558 3955 644 4004; x_wconf 71' lang='lat' dir='ltr'><strong>imitati</strong></span> <span class='ocrx_word' id='word_1_316' title='bbox 660 3962 716 4002; x_wconf 81' lang='lat' dir='ltr'><strong>aunt</strong></span> <span class='ocrx_word' id='word_1_317' title='bbox 732 3951 821 4004; x_wconf 80' lang='lat' dir='ltr'><strong>Claud.</strong></span> <span class='ocrx_word' id='word_1_318' title='bbox 836 3953 911 4020; x_wconf 84' lang='lat' dir='ltr'><strong>Rapt.</strong></span> <span class='ocrx_word' id='word_1_319' title='bbox 922 3957 963 4005; x_wconf 87' lang='lat' dir='ltr'><strong>Pr.</strong></span> <span class='ocrx_word' id='word_1_320' title='bbox 1013 3955 1114 4004; x_wconf 77' lang='lat' dir='ltr'><strong>bubulci.</strong></span> <span class='ocrx_word' id='word_1_321' title='bbox 1143 3953 1305 4021; x_wconf 84' lang='lat' dir='ltr'><strong>Cl.Propert.</strong></span> <span class='ocrx_word' id='word_1_322' title='bbox 1322 3955 1456 4021; x_wconf 75' lang='lat' dir='ltr'><strong>11LE1eg.</strong></span> <span class='ocrx_word' id='word_1_323' title='bbox 1474 3956 1509 4004; x_wconf 84' lang='lat' dir='ltr'><strong>iii.</strong></span> 
     </span>
    </p>
   </div>
   <div class='ocr_carea' id='block_1_4' title="bbox 389 4025 1511 4096">
    <p class='ocr_par' dir='ltr' id='par_1_5' title="bbox 389 4025 1511 4096">
     <span class='ocr_line' id='line_1_37' title="bbox 389 4025 1511 4096; baseline 0 -16"><span class='ocrx_word' id='word_1_324' title='bbox 389 4029 392 4034; x_wconf 83' lang='lat'>&#39;</span> <span class='ocrx_word' id='word_1_325' title='bbox 464 4033 591 4091; x_wconf 68' lang='lat' dir='ltr'><strong>ri.89;,et</strong></span> <span class='ocrx_word' id='word_1_326' title='bbox 607 4029 663 4078; x_wconf 84' lang='lat' dir='ltr'><strong>Sen.</strong></span> <span class='ocrx_word' id='word_1_327' title='bbox 676 4025 963 4085; x_wconf 70' lang='lat' dir='ltr'><strong>Medoen&#39;lbfllorid.</strong></span> <span class='ocrx_word' id='word_1_328' title='bbox 1012 4031 1054 4080; x_wconf 83' lang='grc'><strong>57.</strong></span> <span class='ocrx_word' id='word_1_329' title='bbox 1087 4030 1215 4080; x_wconf 73' lang='lat' dir='ltr'><strong>Turbatam</strong></span> <span class='ocrx_word' id='word_1_330' title='bbox 1227 4041 1287 4080; x_wconf 76' lang='lat' dir='ltr'><strong>ertu</strong></span> <span class='ocrx_word' id='word_1_331' title='bbox 1303 4036 1328 4080; x_wconf 92' lang='lat' dir='ltr'><strong>et</strong></span> <span class='ocrx_word' id='word_1_332' title='bbox 1344 4031 1511 4096; x_wconf 69' lang='lat' dir='ltr'><strong>aspectusolis</strong></span> 
     </span>
    </p>
   </div>
   <div class='ocr_carea' id='block_1_5' title="bbox 461 4101 1510 4684">
    <p class='ocr_par' dir='ltr' id='par_1_6' title="bbox 464 4101 1091 4155">
     <span class='ocr_line' id='line_1_38' title="bbox 464 4101 1091 4155; baseline -0.002 0"><span class='ocrx_word' id='word_1_333' title='bbox 464 4113 586 4155; x_wconf 82' lang='lat' dir='ltr'><strong>memorat.</strong></span> <span class='ocrx_word' id='word_1_334' title='bbox 618 4103 738 4153; x_wconf 76' lang='lat' dir='ltr'><strong>Ceterum</strong></span> <span class='ocrx_word' id='word_1_335' title='bbox 753 4101 962 4153; x_wconf 78' lang='lat' dir='ltr'><strong>anachronismiae</strong></span> <span class='ocrx_word' id='word_1_336' title='bbox 1012 4103 1091 4154; x_wconf 83' lang='lat' dir='ltr'><strong>vicini.</strong></span> 
     </span>
    </p>

    <p class='ocr_par' dir='ltr' id='par_1_7' title="bbox 461 4175 1510 4684">
     <span class='ocr_line' id='line_1_39' title="bbox 464 4175 1508 4244; baseline -0.002 -14"><span class='ocrx_word' id='word_1_337' title='bbox 464 4196 531 4230; x_wconf 86' lang='lat' dir='ltr'><strong>renrn</strong></span> <span class='ocrx_word' id='word_1_338' title='bbox 545 4178 602 4228; x_wconf 83' lang='lat' dir='ltr'><strong>lecit</strong></span> <span class='ocrx_word' id='word_1_339' title='bbox 616 4184 694 4244; x_wconf 86' lang='lat' dir='ltr'><strong>poeta,</strong></span> <span class='ocrx_word' id='word_1_340' title='bbox 705 4175 768 4241; x_wconf 91' lang='lat' dir='ltr'><strong>quod</strong></span> <span class='ocrx_word' id='word_1_341' title='bbox 780 4175 858 4226; x_wconf 87' lang='lat' dir='ltr'><strong>eahic</strong></span> <span class='ocrx_word' id='word_1_342' title='bbox 867 4176 917 4242; x_wconf 86' lang='lat' dir='ltr'><strong>jam</strong></span> <span class='ocrx_word' id='word_1_343' title='bbox 929 4176 961 4225; x_wconf 85' lang='lat' dir='ltr'><strong>ai-</strong></span> <span class='ocrx_word' id='word_1_344' title='bbox 1047 4181 1100 4228; x_wconf 88' lang='grc'><strong>177.</strong></span> <span class='ocrx_word' id='word_1_345' title='bbox 1125 4179 1248 4237; x_wconf 75' lang='lat' dir='ltr'><strong>Terrebant,</strong></span> <span class='ocrx_word' id='word_1_346' title='bbox 1269 4178 1411 4236; x_wconf 85' lang='lat' dir='ltr'><strong>retinebant,</strong></span> <span class='ocrx_word' id='word_1_347' title='bbox 1432 4193 1508 4228; x_wconf 82' lang='lat' dir='ltr'><strong>mora-</strong></span> 
     </span>
     <span class='ocr_line' id='line_1_40' title="bbox 463 4251 1509 4319; baseline -0.001 -16"><span class='ocrx_word' id='word_1_348' title='bbox 463 4254 521 4304; x_wconf 83' lang='lat' dir='ltr'><strong>dera</strong></span> <span class='ocrx_word' id='word_1_349' title='bbox 537 4259 713 4308; x_wconf 84' lang='lat' dir='ltr'><strong>commemorat,</strong></span> <span class='ocrx_word' id='word_1_350' title='bbox 731 4267 829 4315; x_wconf 89' lang='lat' dir='ltr'><strong>quorum</strong></span> <span class='ocrx_word' id='word_1_351' title='bbox 847 4251 961 4317; x_wconf 76' lang='lat' dir='ltr'><strong>originem</strong></span> <span class='ocrx_word' id='word_1_352' title='bbox 1009 4251 1104 4312; x_wconf 86' lang='lat' dir='ltr'><strong>bantur,</strong></span> <span class='ocrx_word' id='word_1_353' title='bbox 1115 4269 1162 4318; x_wconf 91' lang='lat' dir='ltr'><strong>quo</strong></span> <span class='ocrx_word' id='word_1_354' title='bbox 1172 4269 1242 4303; x_wconf 79' lang='lat' dir='ltr'><strong>renen</strong></span> <span class='ocrx_word' id='word_1_355' title='bbox 1254 4263 1329 4304; x_wconf 77' lang='lat' dir='ltr'><strong>terrere</strong></span> <span class='ocrx_word' id='word_1_356' title='bbox 1342 4253 1406 4319; x_wconf 86' lang='lat' dir='ltr'><strong>apud</strong></span> <span class='ocrx_word' id='word_1_357' title='bbox 1418 4251 1472 4302; x_wconf 87' lang='lat' dir='ltr'><strong>Cic.</strong></span> <span class='ocrx_word' id='word_1_358' title='bbox 1484 4261 1509 4302; x_wconf 86' lang='lat' dir='ltr'><strong>et</strong></span> 
     </span>
     <span class='ocr_line' id='line_1_41' title="bbox 463 4323 1510 4392; baseline -0.003 -13"><span class='ocrx_word' id='word_1_359' title='bbox 463 4328 524 4379; x_wconf 83' lang='lat' dir='ltr'><strong>inira</strong></span> <span class='ocrx_word' id='word_1_360' title='bbox 550 4326 645 4376; x_wconf 82' lang='lat' dir='ltr'><strong>demum</strong></span> <span class='ocrx_word' id='word_1_361' title='bbox 671 4323 785 4374; x_wconf 71' lang='lat' dir='ltr'><strong>adnabit.</strong></span> <span class='ocrx_word' id='word_1_362' title='bbox 822 4325 910 4391; x_wconf 89' lang='lat' dir='ltr'><strong>Cuperi</strong></span> <span class='ocrx_word' id='word_1_363' title='bbox 936 4334 966 4378; x_wconf 86' lang='lat' dir='ltr'><strong>et.</strong></span> <span class='ocrx_word' id='word_1_364' title='bbox 1010 4326 1070 4376; x_wconf 81' lang='lat' dir='ltr'><strong>aliua</strong></span> <span class='ocrx_word' id='word_1_365' title='bbox 1088 4327 1184 4392; x_wconf 72' lang='lat' dir='ltr'><strong>passim.</strong></span> <span class='ocrx_word' id='word_1_366' title='bbox 1216 4325 1291 4378; x_wconf 85' lang='lat' dir='ltr'><strong>Miror</strong></span> <span class='ocrx_word' id='word_1_367' title='bbox 1309 4325 1391 4392; x_wconf 79' lang='lat' dir='ltr'><strong>igitur,</strong></span> <span class='ocrx_word' id='word_1_368' title='bbox 1409 4325 1510 4376; x_wconf 82' lang='lat' dir='ltr'><strong>lleineio</strong></span> 
     </span>
     <span class='ocr_line' id='line_1_42' title="bbox 463 4398 1507 4467; baseline -0.004 -13"><span class='ocrx_word' id='word_1_369' title='bbox 463 4405 547 4454; x_wconf 79' lang='lat' dir='ltr'><strong>Burin.</strong></span> <span class='ocrx_word' id='word_1_370' title='bbox 566 4399 669 4450; x_wconf 74' lang='lat' dir='ltr'><strong>rationes</strong></span> <span class='ocrx_word' id='word_1_371' title='bbox 693 4415 740 4447; x_wconf 90' lang='lat' dir='ltr'><strong>non</strong></span> <span class='ocrx_word' id='word_1_372' title='bbox 765 4398 885 4448; x_wconf 70' lang='lat' dir='ltr'><strong>sufficiunt</strong></span> <span class='ocrx_word' id='word_1_373' title='bbox 905 4417 962 4466; x_wconf 87' lang='lat' dir='ltr'><strong>pur·</strong></span> <span class='ocrx_word' id='word_1_374' title='bbox 1009 4399 1104 4467; x_wconf 85' lang='lat' dir='ltr'><strong>placere</strong></span> <span class='ocrx_word' id='word_1_375' title='bbox 1114 4401 1373 4467; x_wconf 76' lang='lat' dir='ltr'><strong>potuiaae,traltebnnt;</strong></span> <span class='ocrx_word' id='word_1_376' title='bbox 1390 4411 1507 4450; x_wconf 77' lang='lat' dir='ltr'><strong>ueratru-</strong></span> 
     </span>
     <span class='ocr_line' id='line_1_43' title="bbox 462 4471 1508 4544; baseline -0.004 -16"><span class='ocrx_word' id='word_1_377' title='bbox 462 4477 636 4544; x_wconf 71' lang='lat' dir='ltr'><strong>gandopoetae.</strong></span> <span class='ocrx_word' id='word_1_378' title='bbox 662 4471 751 4522; x_wconf 82' lang='lat' dir='ltr'><strong>Melina</strong></span> <span class='ocrx_word' id='word_1_379' title='bbox 761 4479 798 4521; x_wconf 77' lang='lat' dir='ltr'><strong>eet</strong></span> <span class='ocrx_word' id='word_1_380' title='bbox 807 4472 895 4530; x_wconf 82' lang='lat' dir='ltr'><strong>dicere,</strong></span> <span class='ocrx_word' id='word_1_381' title='bbox 904 4489 962 4540; x_wconf 85' lang='lat' dir='ltr'><strong>poe·</strong></span> <span class='ocrx_word' id='word_1_382' title='bbox 1010 4476 1062 4524; x_wconf 79' lang='lat' dir='ltr'><strong>here</strong></span> <span class='ocrx_word' id='word_1_383' title='bbox 1082 4473 1160 4542; x_wconf 74' lang='lat' dir='ltr'><strong>potius</strong></span> <span class='ocrx_word' id='word_1_384' title='bbox 1180 4484 1218 4525; x_wconf 76' lang='lat' dir='ltr'><strong>ert</strong></span> <span class='ocrx_word' id='word_1_385' title='bbox 1232 4483 1386 4526; x_wconf 72' lang='lat' dir='ltr'><strong>cunctamen</strong></span> <span class='ocrx_word' id='word_1_386' title='bbox 1407 4491 1462 4526; x_wconf 84' lang='lat' dir='ltr'><strong>cum</strong></span> <span class='ocrx_word' id='word_1_387' title='bbox 1485 4474 1508 4525; x_wconf 81' lang='lat' dir='ltr'><strong>vi</strong></span> 
     </span>
     <span class='ocr_line' id='line_1_44' title="bbox 461 4543 1510 4616; baseline -0.002 -15"><span class='ocrx_word' id='word_1_388' title='bbox 461 4563 513 4601; x_wconf 84' lang='lat' dir='ltr'><strong>taur</strong></span> <span class='ocrx_word' id='word_1_389' title='bbox 535 4549 581 4606; x_wconf 84' lang='lat' dir='ltr'><strong>hic,</strong></span> <span class='ocrx_word' id='word_1_390' title='bbox 603 4555 630 4598; x_wconf 90' lang='lat' dir='ltr'><strong>ut</strong></span> <span class='ocrx_word' id='word_1_391' title='bbox 648 4545 737 4613; x_wconf 74' lang='lat' dir='ltr'><strong>passim</strong></span> <span class='ocrx_word' id='word_1_392' title='bbox 755 4543 961 4604; x_wconf 66' lang='lat' dir='ltr'><strong>cintreiacum</strong></span> <span class='ocrx_word' id='word_1_393' title='bbox 1009 4564 1090 4598; x_wconf 84' lang='lat' dir='ltr'><strong>recum</strong></span> <span class='ocrx_word' id='word_1_394' title='bbox 1111 4549 1238 4610; x_wconf 84' lang='lat' dir='ltr'><strong>abducere,</strong></span> <span class='ocrx_word' id='word_1_395' title='bbox 1255 4550 1320 4616; x_wconf 90' lang='lat' dir='ltr'><strong>quod</strong></span> <span class='ocrx_word' id='word_1_396' title='bbox 1341 4551 1372 4600; x_wconf 81' lang='lat' dir='ltr'><strong>ab</strong></span> <span class='ocrx_word' id='word_1_397' title='bbox 1393 4550 1420 4600; x_wconf 84' lang='lat' dir='ltr'><strong>h.</strong></span> <span class='ocrx_word' id='word_1_398' title='bbox 1434 4549 1454 4600; x_wconf 88' lang='lat' dir='ltr'><strong>l.</strong></span> <span class='ocrx_word' id='word_1_399' title='bbox 1471 4559 1510 4600; x_wconf 81' lang='lat' dir='ltr'><strong>eat</strong></span> 
     </span>
     <span class='ocr_line' id='line_1_45' title="bbox 462 4617 1192 4684; baseline 0 -10"><span class='ocrx_word' id='word_1_400' title='bbox 462 4640 539 4674; x_wconf 83' lang='lat' dir='ltr'><strong>rerum</strong></span> <span class='ocrx_word' id='word_1_401' title='bbox 551 4630 660 4672; x_wconf 85' lang='lat' dir='ltr'><strong>naturam</strong></span> <span class='ocrx_word' id='word_1_402' title='bbox 671 4629 695 4670; x_wconf 81' lang='lat' dir='ltr'><strong>et</strong></span> <span class='ocrx_word' id='word_1_403' title='bbox 704 4617 887 4684; x_wconf 77' lang='lat' dir='ltr'><strong>mythologiam.</strong></span> <span class='ocrx_word' id='word_1_404' title='bbox 1011 4623 1192 4675; x_wconf 68' lang='lat' dir='ltr'><strong>alienissimum.</strong></span> 
     </span>
    </p>
   </div>
   <div class='ocr_carea' id='block_1_6' title="bbox 0 0 1760 6010">
    <p class='ocr_par' dir='ltr' id='par_1_8' title="bbox 0 0 1760 6010">
     <span class='ocr_line' id='line_1_46' title="bbox 0 0 1760 6010; baseline 0 0"><span class='ocrx_word' id='word_1_405' title='bbox 0 0 1760 6010; x_wconf 95' lang='lat' dir='ltr'><strong> </strong></span> 
     </span>
    </p>
   </div>
  </div>
 </body>
</html>
