3588 6000
472 726 594 792 xxxviii
635 789 638 800 ,
868 724 1127 792 PRAEFATIO

470 900 539 964 sine
559 897 693 964 aliorum
712 907 880 962 auctorum
899 899 1086 984 adjumento
1100 897 1268 986 intelliget.
1315 901 1425 968 Etiam
1444 903 1521 971 alibi
1581 869 1585 876 ι

419 1065 422 1073 ·
471 1019 602 1084 festinat
620 1017 723 1094 nimis,
739 1015 922 1100 omittitque
941 1037 1006 1082 non
1026 1016 1217 1096 omittenda,
1233 1019 1320 1086 unde
1339 1021 1520 1088 obscuritas

471 1137 671 1202 orium-ix.
692 1137 763 1212 165,
783 1157 848 1200 non
867 1147 1015 1221 apparet,
1031 1159 1097 1222 quo
1118 1137 1215 1203 modo
1235 1137 1408 1217 Hercules,
1428 1141 1521 1208 Iactis

470 1256 504 1320 in
520 1255 661 1320 Euboeae
684 1255 905 1341 promontorio
924 1255 1033 1332 saona,
1053 1255 1153 1321 OEten
1166 1258 1298 1323 vocibus
1322 1261 1387 1326 suis
1409 1260 1521 1346 imple-

470 1376 563 1441 verit.
609 1374 778 1438 Interdum
806 1395 871 1438 non
901 1373 977 1438 satis
1002 1374 1187 1458 perpendit,
1210 1397 1285 1460 quae
1309 1379 1521 1443 scriberet.-

471 1495 492 1559 i.
516 1495 591 1572 270,
618 1517 719 1579 quum
744 1504 831 1558 terra
855 1491 976 1558 diluvio
994 1493 1151 1557 vastanda
1172 1505 1268 1571 esset,
1295 1494 1355 1560 Iris
1377 1519 1478 1581 aquas
1501 1521 1521 1560 a

471 1625 559 1680 terra
572 1613 692 1690 haurit,
704 1635 785 1698 quas
799 1613 831 1676 in
848 1623 966 1678 terram
980 1613 1228 1678 demittat—iii.
1242 1614 1281 1676 41
1300 1637 1370 1700 sqq.
1385 1636 1518 1700 serpens

471 1732 633 1798 immensis
653 1729 788 1796 saltibus
807 1730 889 1816 petit
910 1753 977 1810 eos,
997 1731 1054 1817 qui
1073 1731 1219 1817 proxime
1243 1733 1382 1797 stabant.
1428 1732 1521 1798 Idem

471 1873 567 1918 versu
580 1851 634 1928 48,
649 1851 753 1914 medio
763 1851 838 1936 piac
854 1860 951 1937 parte
967 1859 1090 1916 erectm
1103 1851 1138 1914 in
1151 1873 1250 1914 curae
1264 1850 1416 1937 Despicit
1433 1876 1521 1918 omne

471 1993 599 2044 nemum
621 1969 680 2033 sed
701 1991 797 2034 versu
820 1971 874 2048 94,
901 1981 988 2036 totus
1014 1971 1136 2056 pendet
1161 1972 1194 2034 in
1220 1971 1421 2036 arbore-v.
1443 1973 1518 2050 228,

472 2089 613 2156 Perseus
628 2085 755 2154 Phinea
773 2109 906 2152 saxeum
923 2111 1050 2174 semper
1064 2089 1150 2154 domi
1165 2091 1305 2174 spectari
1320 2089 1389 2156 vult
1404 2113 1424 2154 a
1444 2113 1520 2156 con-

467 2211 560 2294 juge,
583 2231 658 2295 quae
681 2229 758 2272 vero
779 2227 855 2270 mox
879 2205 1031 2272 relictura
1052 2219 1122 2274 erat
1141 2209 1272 2274 domum
1296 2220 1520 2295 paternam.—

472 2327 528 2392 xii.
545 2327 620 2404 620,
637 2326 774 2390 Somnus
794 2325 827 2388 in
844 2323 929 2389 lecto
948 2325 1146 2392 decumbens
1155 2337 1293 2412 pectora
1304 2330 1448 2414 percutit
1465 2353 1520 2394 aa·

472 2447 554 2511 tanti
578 2455 689 2510 mento.
744 2445 844 2510 Mitto
870 2445 1027 2512 dictiones
1052 2446 1292 2532 improbandas,
1318 2459 1366 2524 ut,
1387 2473 1416 2513 v.
1444 2449 1518 2527 436,

471 2567 696 2632 inconsolabile
717 2566 837 2642 colnac,
858 2566 1083 2651 repetitionem
1102 2566 1248 2651 ejusdem
1266 2567 1415 2633 vocabuli
1437 2569 1520 2635 inter

472 2707 651 2771 paucorum
667 2706 817 2749 versuum
839 2686 1004 2763 ambitum,
1024 2696 1058 2750 et
1080 2684 1181 2750 multa
1200 2684 1271 2750 aba.
1317 2683 1414 2750 Talia
1434 2687 1521 2752 exci-

472 2803 555 2868 dunt
573 2802 622 2880 iis,
641 2803 696 2887 qui
719 2825 778 2868 sua
800 2825 865 2868 non
888 2802 1002 2868 sedulo
1023 2804 1228 2888 conquirunt,
1250 2803 1347 2868 sede
1369 2802 1454 2868 felici
1473 2805 1521 2868 in-

472 2922 559 3009 genii
573 2923 623 2986 sui
636 2943 729 2998 vena,
744 2922 837 3008 quasi
852 2932 973 2987 stantes
988 2922 1072 3008 pede
1087 2923 1120 2987 in
1135 2943 1211 3000 uno,
1227 2921 1379 2988 fundunt.

515 3039 645 3127 Ingenii
667 3062 743 3125 pers
765 3061 815 3117 ea,
833 3061 931 3125 quam
953 3039 1051 3126 paulo
1070 3051 1146 3106 ante
1169 3039 1339 3126 descripsi,
1357 3041 1466 3105 statim
1486 3041 1520 3106 in

472 3159 633 3246 principio
652 3160 799 3224 carminis
814 3161 940 3225 emicat.
986 3159 1037 3224 Ibi
1051 3181 1117 3224 non
1130 3181 1239 3224 veram
1253 3159 1343 3224 rudis
1358 3158 1449 3224 molis
1464 3182 1520 3224 na·

471 3289 577 3345 turrun
595 3279 690 3344 nobis
709 3275 860 3363 explicat,
877 3277 934 3342 sed
954 3287 1120 3342 externam
1137 3299 1246 3342 rerum
1264 3287 1298 3341 et
1314 3277 1520 3342 confusnmm

359 3389 365 3396 ’
470 3407 505 3462 et
527 3405 642 3482 postea
663 3393 1044 3479 dispositarum'iomrsm
1066 3395 1220 3473 ostendit,
1244 3397 1425 3484 acriterque
1448 3417 1520 3462 sen·

471 3514 613 3582 tiendum
627 3514 790 3598 proponit.

549 3725 660 3786 Nullus
672 3725 766 3786 adbuc
777 3725 885 3786 mundo
897 3727 1043 3806 prebebat
1055 3727 1166 3788 lumina
1181 3725 1280 3798 Titan,

549 3823 615 3881 Nec
628 3843 700 3882 nova
713 3821 864 3882 crescendo
876 3825 1026 3901 reparabat
1040 3845 1145 3883 cornua
1159 3821 1274 3893 Phebe,

550 3916 616 3975 Nec
627 3917 800 3976 circumfuso
811 3915 956 3996 pendebat
968 3918 999 3976 in
1013 3937 1078 3977 aere
1091 3917 1179 3977 tellus

550 4010 729 4072 Ponderibus
742 4012 846 4072 librata
859 4014 934 4072 siris:
956 4033 1010 4073 nec
1023 4013 1139 4072 brachia
1151 4013 1236 4091 longo

550 4105 686 4184 Margine
699 4115 841 4166 terrarum
854 4118 1019 4186 porrexerat
1033 4107 1223 4187 fflphitrite.

472 4350 540 4418 Sed
559 4359 674 4435 postea
696 4350 789 4416 Deus
810 4353 908 4437 jussit
919 4354 1017 4439 freta
1035 4355 1182 4441 diffundi,
1204 4356 1388 4442 rabidisque
1409 4365 1521 4422 tumes-

347 4533 350 4543 ,
473 4493 545 4536 cere
572 4469 684 4547 ventis,
711 4472 839 4536 extendi
868 4495 1007 4558 carpor,
1032 4473 1196 4538 mbeiderc
1223 4475 1332 4552 vollen
1359 4476 1521 4562 lapidosos

471 4611 603 4677 mergere
627 4599 755 4654 montet.
801 4590 910 4656 Multa
938 4614 981 4656 ex
1007 4593 1069 4658 hoc
1096 4615 1215 4680 genere
1240 4594 1387 4679 insignia,
1412 4617 1464 4658 xv.
1487 4595 1519 4658 in
