3450 5998
13 163 15 252 l

13 259 15 312 r

386 776 855 879 METAMORPHOSEON
880 802 970 868 LlB.
996 803 1065 869 111.
1183 803 1247 869 227
1356 801 1359 812 '

204 973 297 1050 Arte
317 976 526 1051 laboratum
544 978 668 1052 nulla:
699 978 938 1053 simulaverat
956 989 1075 1052 artem

203 1089 363 1188 Ingenio
381 1104 514 1169 natura
531 1119 619 1177 su0;
649 1120 736 1168 narn
754 1095 904 1193 pumice
921 1096 1016 1180 viv0,

204 1208 255 1283 Et
271 1211 416 1286 levibus
434 1213 561 1311 tophis
580 1213 746 1286 nativum
763 1214 925 1287 duxerat
940 1236 1080 1286 areum.
1178 1217 1248 1285 160

204 1325 304 1400 Fons
323 1341 433 1404 sonat
450 1353 472 1404 a
489 1330 635 1418 dextra,
655 1331 759 1405 tenui
777 1329 992 1430 perlucidus
1010 1327 1122 1413 unda,

205 1441 378 1540 Margine
397 1447 587 1542 gramineo
605 1448 755 1545 patulos
771 1447 958 1519 incinctus
974 1444 1116 1524 hiatus,

204 1556 278 1632 Hic
298 1559 382 1634 Dea
400 1561 575 1636 silvarum
592 1572 730 1636 venatu
747 1561 859 1648 fessa,
877 1563 1034 1634 solebat.

203 1673 403 1772 virgineos
421 1689 523 1752 artus
540 1678 690 1776 liquida
703 1678 926 1778 perfundere
945 1700 1038 1750 rore.

204 1789 290 1875 Quo
301 1788 644 1892 postquam'subiit‚
656 1795 918 1895 Nympharum
928 1792 1083 1868 tradidit
1092 1794 1156 1866 uni
1176 1797 1245 1868 165

203 1905 409 2007 Armigerae
415 1912 597 2009 jaculum,
609 1912 911 2010 pharetramque,
923 1933 1110 2008 arcusque
1123 1921 1246 1986 reten-

204 2022 335 2100 Altera
351 2027 533 2126 depositae
553 2029 715 2126 subjecit
731 2028 886 2102 brachia
902 2027 1024 2125 pallae.
1153 2028 1243 2122 [tos.

205 2291 320 2341 Simulata
338 2293 401 2359 apud
420 2293 499 2344 Cicer.
519 2295 554 2343 N.
571 2295 604 2343 D.
618 2295 643 2342 ii.
661 2297 702 2345 35.
752 2295 882 2351 Clitumna,
906 2297 1019 2344 eluctatus
1037 2293 1102 2358 jiscit
1122 2296 1246 2359 gurgitem,

204 2381 257 2432 quas
278 2367 310 2416 ad
331 2369 466 2435 exemplum
485 2378 574 2418 natura
591 2385 703 2436 expressa
751 2376 791 2436 qul
811 2375 857 2420 latu
871 2373 958 2437 gremio
975 2373 1070 2432 patescit
1085 2385 1158 2432 pum
1173 2379 1195 2418 et
1213 2373 1247 2420 vi-

204 2453 265 2490 sunt.
300 2442 424 2508 Ingenium
442 2445 501 2492 hene
523 2443 632 2493 tribuitur
651 2445 702 2492 Na·
753 2458 821 2496 treus.
840 2446 1028 2494 Panrbsliatus.
1046 2445 1160 2493 Patentes
1170 2443 1247 2510 ripas;

204 2525 261 2565 turra
277 2517 378 2568 ludenti.
414 2519 510 2575 Panes,
522 2519 583 2585 lapis
595 2534 668 2568 cavus
678 2529 708 2568 et·
752 2521 816 2570 hiare
830 2521 893 2569 enirn
904 2518 1014 2567 videntur
1024 2517 1081 2583 ripae
1092 2525 1119 2566 ut
1131 2517 1197 2566 fluvii
1213 2519 1248 2566 al-

204 2590 319 2656 pendens,
334 2591 375 2657 qui
394 2591 465 2641 facile
482 2592 588 2641 imitatur
602 2592 702 2642 sormam
751 2611 820 2644 veum
836 2595 933 2642 iaciant.
962 2593 1030 2648 Rure,
1042 2607 1114 2656 aqua,
1130 2591 1247 2656 qusquis

204 2673 323 2716 antmrum
340 2676 365 2716 at
381 2682 488 2716 usuum.
519 2668 596 2725 Vinea,
609 2684 637 2717 eo
651 2668 701 2734 ipso
750 2670 907 2736 pertunditur.
923 2669 940 2716 i.
957 2670 1013 2717 371.
1030 2669 1122 2730 liquida
1140 2666 1246 2732 limpido.

204 2739 256 2788 laco
276 2749 355 2790 natus.
390 2741 478 2804 Taphra
495 2741 568 2791 oritur
584 2758 613 2791 ea
633 2743 701 2807 aquis
752 2745 904 2812 Persuadere,
916 2758 1001 2808 nempe
1010 2759 1037 2790 aa
1051 2756 1117 2800 urna,
1128 2755 1178 2790 ver.
1192 2742 1247 2790 172.

204 2829 258 2862 eum
279 2815 346 2864 calae
372 2814 454 2864 mixtis
474 2825 498 2866 et
518 2816 701 2866 destillantibus.
751 2820 807 2869 Non
817 2819 972 2883 immergebat
980 2833 1071 2882 corpus.

203 2889 306 2939 Simulat
319 2899 399 2940 autam
413 2889 452 2940 hic
466 2891 527 2957 lapis
542 2892 613 2940 miras
627 2908 701 2958 saepe-
785 2895 839 2943 165.
860 2891 958 2955 stettin]
985 2891 1066 2939 Satine
1085 2898 1110 2939 et
1130 2892 1247 2939 meedere

204 2979 301 3013 numero
316 2965 498 3030 figuras,utval
518 2967 701 3017 Brumanninua
751 2968 799 3030 vim
827 2964 1031 3032 appropinquandi
1057 2962 1154 3012 habent.
1188 2963 1248 3017 Quo.

202 3040 314 3106 spelunea
322 3056 440 3106 quemque
448 3041 625 3107 docerepotest.
639 3043 700 3091 ‘llam
752 3043 816 3090 Num
837 3041 912 3105 pund?
945 3040 984 3088 De
1010 3037 1121 3102 nymphis
1141 3035 1247 3085 Dianam

202 3119 302 3178 pumma
321 3123 346 3163 et
367 3117 427 3178 taphi
447 3117 542 3164 omnino
561 3125 698 3175 suntrana,
750 3115 926 3172 comitantibus,
945 3113 1082 3177 variumque
1100 3110 1122 3160 ei
1133 3109 1247 3160 'ministe-

203 3190 289 3256 qurhns
307 3191 413 3239 Dearum
432 3190 643 3258 Nympharumque
658 3207 698 3240 an·
750 3193 810 3240 rium
833 3187 1009 3255 praestantibus,
1029 3186 1083 3234 vida
1103 3185 1246 3234 Callimachi

200 3273 238 3313 tra
256 3271 393 3314 coash'ucta
410 3265 568 3330 fingebantur.
585 3264 634 3313 viii.
652 3267 700 3327 563
751 3267 865 3334 hymnum
876 3263 906 3312 ed
917 3263 1047 3310 Dianaer.
1061 3261 1090 3308 13
1101 3275 1153 3325 sqq.

202 3355 226 3389 x.
244 3339 302 3388 692.
325 3339 361 3388 Il.
380 3341 444 3389 Fast
460 3341 524 3390 3l5:
544 3341 620 3388 Antra
640 3343 700 3390 tuht't
784 3340 839 3388 167.
852 3339 951 3401 Sutjeetr
966 3335 1082 3398 brachia]
1101 3331 1247 3398 Exquisitlus

203 3416 275 3478 tophis
293 3417 442 3478 laqueataque
456 3417 547 3478 purtim
559 3417 616 3463 vivo.
637 3415 700 3464 Plin.
750 3431 830 3482 quam,
841 3411 945 3478 suscepit
955 3411 1058 3476 pallam;
1076 3407 1171 3458 modurn
1182 3408 1245 3457 enim

204 3489 284 3539 xxxvi.
294 3489 341 3538 21:
362 3490 415 3538 Non
427 3493 621 3552 pretermittenda
637 3501 699 3540 estet
750 3489 784 3538 rei
810 3485 925 3537 faciendas
946 3483 1066 3550 exprimit.
1099 3483 1180 3531 Vincla
1206 3501 1244 3545 pe-

201 3567 318 3626 pumieem
327 3573 422 3613 natura.
450 3566 602 3628 Appellantur
612 3569 700 3629 quiden
750 3567 812 3619 dum,
828 3575 977 3625 quacunque
992 3557 1163 3607 calceamenta.
1190 3557 1245 3606 Vir·

201 3643 235 3687 r'ta
251 3649 273 3687 et
289 3655 351 3687 eram
367 3655 421 3688 sara
432 3642 457 3687 in
467 3640 577 3702 adffiet'is,
589 3657 637 3703 que
650 3657 701 3687 mu·
750 3638 792 3703 gil.
814 3633 913 3685 AEneirl.
932 3633 977 3682 IV.
995 3649 1018 3680 v.
1034 3631 1160 3680 8.·Ununs
1178 3642 1245 3680 eauta

202 3731 238 3764 rea
254 3724 346 3771 vacant,
361 3716 520 3777 dependentia,
532 3717 562 3762 ad
581 3717 701 3778 imaginem
749 3717 826 3774 pedem
836 3712 934 3766 uinclis,
952 3707 1001 3756 viii.
1009 3707 1065 3754 418.
1078 3704 1197 3768 Tyrrhena
1205 3723 1244 3767 pe·

202 3805 280 3852 specus
297 3799 349 3836 arte
366 3791 513 3837 reddendam.
541 3787 662 3846 Nutiuunr,
685 3805 700 3837 a
747 3791 802 3850 dum
818 3788 902 3833 an'ncta.
927 3779 1072 3830 Venantium
1087 3779 1245 3828 celoeuserat

203 3863 395 3912 naturafactunt.
424 3863 483 3911 Fons
494 3861 538 3910 luit
554 3861 579 3910 in
592 3861 642 3927 ipso
657 3878 698 3911 an·
748 3863 881 3914 cothurnus,
904 3855 969 3922 quali
989 3853 1061 3903 etiarn
1082 3851 1151 3900 hodie
1173 3868 1245 3902 vena·

203 3938 379 3996 tr0,ver.177.
398 3937 486 4002 Hygia.
506 3937 555 3985 fab.
572 3938 628 3986 llll.
644 3953 698 3986 eum
747 3945 810 3984 tores
830 3930 910 3980 Italici
935 3937 1040 3984 utuntur,
1062 3925 1193 3975 ascendens
1214 3928 1245 3976 ad

204 4021 273 4062 vocat
284 4013 446 4060 Parthenium.
463 4011 566 4060 Pausaa.
581 4013 606 4060 in
620 4013 699 4062 Boeot.
749 4007 852 4057 mediam
874 4003 965 4053 tibiam.
1002 4000 1077 4051 Pellis
1096 3999 1170 4049 scissa
1195 4011 1246 4050 erat

203 4103 226 4150 p.
236 4089 293 4136 714.
310 4095 398 4143 narrat,
409 4087 515 4152 Megaris
534 4086 636 4136 Plataea
646 4102 699 4152 pro-
749 4081 829 4132 multis
839 4079 907 4135 locis,
919 4079 1070 4141 habebatque
1080 4076 1194 4124 foramina
1204 4093 1247 4142 per

203 4161 363 4211 hcioeantibaa
377 4161 407 4210 ad
421 4162 529 4212 dextram
544 4169 596 4210 esst
612 4161 699 4210 loamm
749 4173 803 4223 qun
822 4156 872 4204 lora
890 4153 1068 4218 trajicerentur:
1085 4150 1140 4199 vide
1156 4153 1246 4216 Spanh.

141 4259 146 4264 ·
203 4243 227 4284 et
240 4251 335 4292 mum,
346 4235 412 4301 quad
426 4235 546 4284 Actaeonis
563 4251 647 4284 saxurn
663 4235 699 4284 di·
751 4231 780 4280 ad
800 4226 897 4280 Gallim.
915 4227 940 4274 d.
953 4227 970 4274 l.
984 4241 1032 4274 ver.
1050 4225 1087 4274 tn
1108 4224 1149 4272 ubi
1164 4225 1246 4276 Diana

203 4310 317 4366 catania
331 4325 379 4376 quo
392 4309 701 4360 Attenuareuatulessus
751 4303 841 4369 expetit
866 4300 911 4350 ⁸lbl
934 4297 1018 4364 Vltimi
1045 4298 1162 4364 nlmlhu
1188 4299 1245 4350 0¹0·

202 4385 288 4434 cutm
299 4385 382 4434 mutu,
392 4385 470 4442 fueris,
480 4394 505 4434 ει
516 4384 579 4434 unde
589 4399 699 4450 pmpex.
750 4384 838 4432 tenses,
848 4376 935 4442 quihus
945 4374 1079 4423 calceorum
1089 4389 1171 4422 curam
1181 4390 1245 4424 eom-

203 4459 247 4508 erit
258 4459 364 4508 Dianam
381 4459 406 4507 in
419 4458 525 4526 proximo
541 4458 605 4507 lanta
618 4458 700 4506 lavan-
750 4451 845 4512 mistui
866 4465 922 4498 Μ
939 4449 1001 4498 ἰῦῑθῐ
1021 4448 1147 4497 cmm
1165 4457 1190 4496 ‘l
1207 4449 1244 4498 ln·

203 4541 260 4582 tem.
289 4533 381 4592 Tenuis,
398 4551 445 4583 non
463 4533 587 4600 protunda,
605 4542 632 4582 ut
648 4531 699 4582 Liv.
751 4525 814 4574 venti
831 4534 856 4576 et
872 4525 974 4574 maxime
987 4523 1013 4571 in
1028 4541 1073 4572 usa
1086 4531 1153 4571 erant
1165 4522 1244 4572 istius-

204 4605 220 4654 i.
231 4608 255 4656 4.
283 4609 378 4665 Hiatus,
388 4608 440 4657 sine
453 4607 527 4657 (lubio
537 4609 603 4658 lacus
614 4623 700 4672 aquam
750 4599 812 4650 modi
827 4600 911 4657 calcei,
922 4597 1013 4649 Greci!
1026 4595 1164 4662 tvtptpattc
1178 4597 1245 4647 dicti·

204 4681 328 4747 colligens.
354 4681 418 4731 Plin.
432 4681 503 4732 Vlll.
514 4681 561 4746 Ep.
574 4680 622 4729 viii.
634 4683 658 4728 2.
668 4679 699 4728 de
750 4675 789 4724 sic
806 4675 890 4724 muniti
907 4673 980 4740 pedes
995 4670 1081 4720 Dianae
1098 4670 1123 4718 in
1140 4671 1246 4737 Lipperti
