3526 6018
410 786 878 856 umruonruosnou
904 786 995 854 nm.
1021 788 1069 854 11.
1201 793 1265 860 ιη

215 964 266 1040 Et
283 966 423 1040 laniata
440 963 559 1050 sinus,
575 971 698 1040 toturn
716 962 935 1060 percensuit
951 963 1102 1054 orbem;
1191 971 1266 1042 335

216 1083 500 1180 Exanimeeque
518 1090 623 1156 artua
642 1081 775 1180 primo,
795 1103 884 1156 mox
902 1103 991 1156 osse
1007 1077 1216 1180 requirens,

218 1198 404 1298 Repperit
422 1222 510 1272 oasa
526 1208 655 1272 tamen
672 1197 872 1295 peregrine
888 1197 1044 1274 condite
1062 1197 1155 1297 ripe,

218 1315 474 1414 Incubuitque
491 1315 598 1403 loco;
619 1325 843 1410 ‘nomenque
858 1311 896 1386 in
914 1337 1098 1388 marmore
1117 1315 1258 1390 lectum

221 1433 395 1508 Perfudit
412 1415 590 1512 lacrimis,
608 1439 650 1508 ,et
667 1440 798 1532 aperto
817 1441 969 1528 pectore
983 1429 1096 1506 fovit:

221 1549 256 1623 N
261 1573 305 1624 ec
323 1547 448 1622 minus
467 1546 649 1622 Heliades
667 1546 793 1634 fletae,
813 1556 864 1632 et,
885 1545 1010 1622 inania
1026 1546 1138 1624 morti
1199 1553 1274 1622 340

222 1664 395 1754 Munera,
415 1665 509 1739 dant
525 1662 721 1752 lacrimas;
751 1673 791 1736 et
807 1685 916 1737 creeae
935 1676 1091 1763 pectora
1109 1664 1258 1764 palmis,

223 1781 259 1856 N
261 1807 309 1858 on
327 1782 541 1857 auditurum
558 1779 715 1856 miseras
734 1779 977 1856 Phaethonta
993 1783 1181 1880 querelas,

223 1897 346 1975 Nocte
364 1899 503 1996 dieque
519 1908 677 1986 vocant3
707 1909 1024 1997 asternunturque
1042 1899 1229 1999 sepulcro.

224 2013 330 2090 Luna
346 2027 480 2114 quater
494 2014 639 2113 junctis
656 2015 830 2114 implerat
842 2016 1026 2116 ,cornibus
1044 2017 1197 2092 orbern:

223 2133 303 2208 lllae
322 2157 424 2208 more
443 2157 523 2221 suo,
543 2157 631 2207 nam
649 2156 792 2208 morem
809 2131 953 2208 fecerat
971 2157 1075 2220 neue,
1200 2135 1275 2208 345

223 2249 451 2347 Plangorem
468 2249 673 2326 dederant:
702 2275 724 2326 e
742 2250 852 2348 queis
874 2249 1068 2325 Phaetusa
1086 2275 1257 2326 sororum

224 2365 407 2455 Maxima,
432 2391 548 2464 quum
571 2367 686 2442 vellet
711 2378 821 2442 terrae
849 2369 1111 2468 procumbere,
1138 2377 1276 2466 questa

226 2483 436 2582 Diriguisse
453 2485 594 2583 pedes:
623 2485 671 2558 ad
690 2509 805 2584 quam
822 2496 959 2562 conata
975 2485 1102 2560 venire
1201 2487 1277 2581 [est

226 2600 402 2675 Candida
419 2600 630 2700 Lampetie,
650 2602 777 2676 subita
793 2603 920 2678 radice
937 2611 1085 2676 retente
1102 2612 1174 2676 est.

224 2801 358 2853 loedebant.
382 2801 451 2868 Virg.
473 2803 532 2854 AEn.
548 2804 565 2854 i.
586 2805 644 2853 673.
685 2803 726 2854 Sic
775 2803 816 2870 qui
827 2804 946 2854 habentur
955 2800 1061 2859 mortuis,
1069 2801 1172 2868 utVirg.
1182 2801 1278 2852 AEneiel.

222 2880 322 2940 repperit
334 2876 431 2942 quidem
445 2893 502 2934 ocra,
511 2877 536 2926 in
549 2881 673 2942 peregrino
690 2889 725 2927 to·
774 2879 807 2929 vi.
818 2879 867 2928 334
878 2894 947 2943 sqq:
965 2877 1020 2926 ride
1036 2875 1157 2926 Broaclh.
1170 2875 1202 2926 ed
1220 2875 1278 2925 Pro·

223 2969 274 3000 men
290 2955 353 3014 ripa.
397 2952 427 3000 ln
445 2961 508 3002 terra
524 2952 649 3018 peregrine
668 2952 726 3002 mori
775 2962 837 3022 pert.
849 2954 871 3002 1.
884 2952 942 3002 xvii.
952 2954 994 3002 23.
1027 2952 1122 3008 Iconio,
1140 2951 1199 3017 quia
1216 2967 1276 3001 ruor-

225 3024 384 3074 trietireirnnm
400 3025 486 3076 virum
502 3026 586 3076 Tibul.
602 3027 624 3076 Ι.
644 3025 680 3076 iii.
700 3030 726 3078 3.
775 3040 843 3082 tuum
858 3043 905 3078 nun
919 3027 944 3077 in
958 3027 1032 3076 vitem
1048 3034 1170 3076 revocant.
1202 3027 1278 3076 Plane
1359 3072 1363 3080 .

223 3100 305 3166 ibique
316 3101 426 3166 Heyrrine
436 3101 583 3163 inObeere.;
594 3101 652 3152 ltern
660 3102 728 3167 Virg.
776 3105 810 3152 nic
826 3107 897 3151 lucae
913 3118 996 3150 munere
1012 3099 1075 3167 apud
1086 3101 1156 3165 Virg.
1176 3099 1202 3150 d.
1219 3101 1236 3149 l.
1254 3107 1279 3150 et

225 3175 283 3224 AEn.
296 3173 330 3224 ix.
346 3177 404 3224 435.
438 3175 530 3238 Aperte,
549 3176 627 3226 nudo:
644 3177 730 3240 severe
778 3193 851 3226 occur
867 3178 946 3234 horror,
965 3175 1063 3224 AEneid.
1081 3176 1115 3225 xi.
1133 3178 1180 3224 ⁶22
1200 3179 1279 3232 ianae,

223 3265 305 3298 meren
316 3248 404 3314 frigida
419 3249 547 3300 admodum
563 3250 652 3300 locutio
661 3251 729 3300 ride-
778 3267 847 3300 omne
860 3250 893 3308 id,
905 3248 969 3314 quod
981 3247 1058 3298 lruc'tu
1069 3257 1146 3314 caret.

224 3331 262 3372 tur
284 3325 417 3373 Burmann.
461 3324 622 3389 Amplectitur
646 3326 729 3390 itaque
811 3327 869 3376 8⁴2.
897 3325 1039 3374 Phaethonta
1059 3333 1140 3373 vocant
1160 3339 1190 3373 ex
1214 3338 1280 3373 more

224 3399 332 3448 Gronov.
348 3397 412 3447 Cod.
424 3397 561 3455 lectionem,
572 3401 644 3456 uolt,
655 3399 680 3448 id
692 3407 729 3448 ert
779 3399 911 3466 lugentium
931 3407 957 3448 et
977 3398 1177 3448 conclamantium
1196 3397 1281 3465 priecie

224 3472 340 3522 laceravit
346 3481 455 3539 apertum
462 3488 504 3522 eeu
513 3473 629 3522 nudatum
637 3483 729 3540 pectus.
779 3475 933 3540 temporibus.
949 3473 1047 3523 Homer.
1064 3473 1113 3523 Od.
1123 3475 1141 3523 i.
1152 3475 1193 3524 35.
1210 3473 1280 3538 Virg.

226 3549 274 3598 sm
285 3547 371 3613 quidni
382 3547 499 3613 Clymene
510 3565 599 3606 mm,
610 3547 675 3614 quod
688 3548 729 3598 diu
779 3548 879 3598 AEneid.
892 3547 926 3596 iii.
937 3549 979 3598 33.
997 3548 1069 3597 Hinc.
1081 3547 1180 3597 AEneid.
1191 3547 1209 3596 i.
1220 3549 1280 3597 219.

224 3631 320 3688 pectere
338 3630 422 3688 aperto
440 3623 544 3688 tegebat,
555 3623 643 3688 sorum
662 3631 728 3673 recte
778 3626 877 3686 mejam
887 3625 996 3674 aaran
1003 3629 1280 3679 occatormormoeeue.

223 3697 328 3753 dicetur,
340 3708 413 3762 quum
430 3699 504 3746 locun
513 3695 597 3761 soom
613 3697 676 3746 boue
691 3697 726 3746 lo·
812 3698 868 3748 344
886 3697 1052 3761 Lucumonem,
1061 3695 1120 3760 etc]
1138 3697 1229 3744 Luctus
1238 3711 1281 3763 per

225 3773 292 3839 cutio¹
306 3772 347 3828 eit,
359 3771 390 3820 tle
403 3787 442 3828 eo,
452 3771 494 3836 qui
508 3771 602 3821 maidue
613 3779 638 3821 et
650 3772 692 3821 diu
702 3771 728 3820 in
779 3780 871 3836 certum
887 3781 989 3838 tempu,
1000 3771 1073 3836 idque
1088 3769 1206 3820 interdum
1223 3771 1282 3820 aa·

225 3861 254 3894 eo
263 3849 387 3896 venaturi
412 3845 451 3895 Sic
462 3846 633 3912 contrafacere,
641 3845 728 3911 virgil.
779 3847 885 3913 longum,
896 3847 1007 3904 durabat,
1017 3861 1082 3895 nunc
1093 3853 1202 3911 quatuor.
1214 3861 1281 3894 men·

226 3919 284 3969 AEn.
304 3919 338 3969 ix.
355 3921 402 3970 57:
427 3921 520 3968 humum
531 3921 621 3986 sumre,
641 3919 730 3985 θοοῖς.
778 3937 824 3981 eeu,
836 3922 900 3988 quod
910 3921 1003 3988 poetice
1013 3935 1167 3988 caprearum
1182 3919 1231 3970 rid.
1240 3919 1282 3970 ad.

227 3994 333 4045 141430.
780 4013 828 4047 ver.
840 3999 897 4048 433.
930 3997 986 4048 Jem
1004 3994 1221 4046 marsumaticum
1238 4009 1281 4060 per

259 4071 317 4118 340.
328 4069 438 4118 uanae
441 4070 537 4136 fleta]
559 4067 684 4125 Heliades,
692 4083 730 4118 eo·
779 4079 859 4137 parter
875 4087 956 4120 mreus
971 4069 1092 4120 describit.
1121 4069 1282 4120 011543-
1327 4133 1332 4143 .

227 4142 455 4193 roreaneethoutie
465 4143 730 4210 (Phaethontiderepnd
781 4148 845 4207 5523
856 4147 1038 4206 irael-³583
1049 4145 1218 4196 mehe—ow.
1234 4144 1282 4196 Sed

227 4217 366 4268 Germanic.
376 4218 447 4268 Aret.
462 4235 511 4268 ver.
522 4219 593 4282 371.)
609 4219 696 4269 Ἡλίου
712 4234 731 4267 ι.
781 4219 869 4271 Claud.
889 4219 971 4270 nviii.
995 4222 1051 4270 164.
1079 4220 1152 4270 elium
1173 4220 1282 4286 mytbum

227 4292 289 4342 Selia
307 4292 373 4342 fllia.
406 4293 431 4342 A
449 4293 537 4343 Nostro
555 4310 602 4344 non
620 4293 665 4343 nisi
684 4293 732 4342 ue'r
780 4295 897 4360 requitur,
915 4311 945 4346 ex
963 4311 1011 4361 quo
1028 4294 1144 4344 Heliades
1158 4309 1214 4344 curn
1228 4295 1281 4344 mr·-

228 4375 454 4423 commemorautur,
478 4369 510 4416 eb
537 4367 643 4434 Hygino.
665 4365 733 4433 pref.
781 4367 1044 4434 denoetcycnointer
1054 4367 1133 4419 nidera
1142 4369 1232 4418 relehre.

227 4451 330 4507 quatuor
337 4459 346 4503 ;
362 4441 405 4490 red
422 4441 521 4492 lleeiod.
537 4452 630 4508 neptem
650 4453 732 4508 natue-
816 4443 874 4492 349.
902 4442 1017 4500 Candido,
1045 4441 1153 4511 pulchra,
1174 4443 1284 4510 frequen

228 4526 330 4568 reverat.
365 4519 454 4577 Florio,
471 4518 585 4584 quoniam
601 4534 617 4569 a
633 4519 734 4568 uranu
782 4516 916 4582 paelicum
932 4517 1063 4584 epitheton.
1096 4517 1177 4566 Subita
1194 4521 1282 4576 rooba,

129 4603 130 4608 ’
229 4589 345 4660 distingui
361 4593 480 4651 videnter,
495 4593 554 4644 sorte
570 4594 666 4644 omnino
683 4592 734 4642 luc·
784 4589 889 4656 inquam
900 4590 974 4657 pedes
983 4590 1120 4657 ejurenbito
1128 4590 1284 4642 mutaticum.

230 4678 270 4718 tue
279 4669 360 4734 rigna.
390 4667 502 4726 Munere,
514 4669 615 4720 honore·
624 4666 734 4725 entremi,
786 4663 864 4715 Tertio
875 4666 929 4716 eliis
942 4667 1020 4732 AEgle,
1031 4665 1084 4716 aliie
1094 4665 1186 4716 Phoebe
1196 4675 1243 4716 eat.
