3512 6010
440 789 511 863 rao·
736 795 775 860 r.
799 793 961 860 ovrou
985 757 1198 860 nasonis

443 965 553 1047 Sedit
569 970 821 1056 Atlantiades,
840 981 880 1044 et
897 979 1050 1044 euntem
1068 969 1188 1044 multa
1203 969 1393 1068 loquendo

442 1089 616 1164 Detinuit
633 1111 805 1162 sermone
823 1087 946 1175 diem;
971 1087 1192 1185 junctisque
1210 1088 1383 1162 canendo

440 1206 603 1281 Vincere
620 1205 867 1280 arundinibus
885 1205 1074 1280 servantia
1090 1204 1234 1282 lumina
1249 1213 1384 1280 tentat.

442 1321 512 1397 Ille
526 1333 654 1397 tamen
672 1334 817 1423 pugnat
834 1323 966 1397 molles
985 1322 1157 1398 evincere
1175 1345 1349 1397 somnos:
1414 1325 1491 1396 685Ι

441 1438 504 1527 Et,
516 1439 692 1538 ¹quumvis
711 1462 823 1539 sopor
840 1449 900 1514 est
917 1439 1112 1513 oculorum
1129 1449 1238 1538 parte
1256 1449 1444 1538 receptus,

440 1554 557 1630 Parte
575 1567 703 1630 temen
720 1547 873 1653 vigilat:
900 1555 1035 1654 quaerit
1055 1579 1222 1656 quoque,
1244 1579 1409 1654 namque
1430 1567 1487 1628 re·'

441 1673 587 1748 Fistula
599 1697 720 1773 nuper
732 1684 824 1763 erat,
840 1697 916 1773 qua
929 1673 979 1748 sit
991 1673 1135 1748 ratione
1148 1683 1310 1772 reperta.
1363 1674 1488 1772 [perta

490 1789 588 1864 Tum
616 1789 736 1878 Deua,
757 1799 782 1829 “
800 1788 981 1866 Arcadiae·
997 1789 1132 1887 gelidis
1160 1789 1232 1863 sub
1259 1787 1488 1876 montibus‚’'

591 1907 727 2007 inquit,

441 2032 466 2063 “
483 2022 588 2099 Inter
602 2023 890 2124 Hamadryadas
904 2023 1150 2100 celeberrima
1165 2021 1399 2097 Nonacrinas
1414 2025 1490 2096 690

472 2235 529 2292 682,
546 2235 604 2284 683.
623 2233 656 2282 Et
672 2234 875 2300 enatent-aliern]
895 2235 940 2284 lo·
990 2232 1085 2283 videtur
1101 2235 1205 2284 detinere
1217 2233 1252 2282 ita
1266 2233 1313 2282 dici
1326 2247 1402 2300 ponae,
1412 2231 1490 2282 IVex

440 2323 485 2357 cue
493 2307 531 2356 bic
540 2307 610 2357 valde
618 2307 684 2356 torsit
690 2308 787 2373 ingenia
795 2309 855 2358 Intt.
875 2311 940 2368 Quo-
991 2308 1061 2358 Pont.
1073 2325 1098 2358 x.
1109 2309 1140 2357 ⁶7
1150 2325 1155 2356 :
1174 2308 1276 2358 Detinet
1286 2317 1372 2370 ternpus
1382 2323 1492 2370 meque

440 2380 504 2430 niam
520 2379 621 2430 nmoenie
635 2381 866 2432 confabulationibus
880 2389 940 2430 tern-
982 2381 1122 2448 seselll,ubi
1132 2381 1275 2432 vidistine.
1294 2382 1399 2431 Molesta
1409 2391 1491 2431 tamen

439 2471 485 2520 pus
500 2455 599 2513 fallitur,
610 2463 635 2504 et
650 2455 745 2505 breviua
756 2456 825 2521 quasi
836 2455 941 2506 redditur
990 2455 1146 2506 redundantia
1157 2464 1193 2504 eet
1203 2455 1228 2505 in
1239 2457 1314 2504 multa
1325 2457 1435 2519 ioqumdn
1444 2471 1491 2505 rer·

439 2530 497 2578 dum
514 2529 632 2579 nohierix
644 2529 800 2580 sentientibus
817 2531 939 2597 preterla-
989 2549 1061 2580 none.
1093 2530 1295 2580 Seidenetuecker.
1308 2529 1412 2594 denique
1427 2530 1492 2579 hunc

439 2605 503 2653 bitur
512 2623 519 2666 ;
535 2613 658 2671 propterea
679 2614 752 2670 negat
768 2608 886 2656 Burman.
903 2621 940 2655 aa·
990 2620 1085 2654 aeneum
1092 2603 1201 2670 subjicit:
1212 2603 1284 2660 diem,
1292 2603 1333 2669 qui
1343 2603 1404 2652 aliae
1414 2603 1492 2653 multa

439 2679 625 2728 numeeeah.l.
651 2679 707 2746 Ipae
720 2679 941 2746 ergoductuuniue
991 2678 1492 2745 loquendofeatinareeolet,eermoue‚intar

440 2752 502 2803 Cod.
514 2753 540 2802 in
555 2769 603 2819 quo
617 2757 703 2804 denuit
719 2764 843 2805 exaratum
854 2763 941 2814 enatat,
991 2753 1146 2820 loquendum,
1157 2752 1181 2802 vi
1200 2768 1244 2802 aua
1260 2751 1342 2802 divina
1358 2752 1492 2818 suspendit,

440 2826 509 2894 legit,
530 2831 641 2878 diminuit
661 2845 703 2895 pro
722 2833 832 2880 detinuit.
864 2831 940 2879 Diani-
991 2825 1116 2878 tardiorem
1127 2835 1170 2876 aut
1180 2825 1308 2892 longiorem
1319 2826 1383 2876 fecit.

440 2920 511 2953 nitere
532 2913 612 2952 autern
637 2913 731 2970 tempua
754 2904 843 2954 dixiaee
868 2903 941 2954 etiam
1024 2903 1083 2951 684.
1104 2901 1217 2965 Vincere]
1234 2899 1426 2950 siliuuiicot:
1440 2899 1489 2948 Do·

441 2977 521 3027 Cicer.
532 2978 602 3028 Orat.
611 2977 648 3028 iii.
656 2980 700 3030 49.
708 2989 734 3028 at
747 2978 793 3029 hoe
809 2977 874 3028 idem
888 2995 941 3028 aeae
991 2993 1032 3026 nec
1042 2978 1162 3038 conparuit
1174 2975 1383 3026 luctantiatuminn
1390 2989 1489 3022 annuus.

440 3051 504 3117 quod
514 3053 632 3119 frangere
647 3055 715 3110 dien,
727 3061 751 3102 et
767 3063 856 3116 partem
871 3053 941 3102 solido
993 3052 1212 3100 Vincereeeruantin
1220 3051 1317 3098 lumina
1332 3049 1414 3116 Sopita
1422 3049 1488 3097 fiatn-

440 3129 528 3176 demere
542 3129 570 3175 de
586 3129 631 3186 die,
648 3127 713 3194 apud
731 3129 816 3176 Horat.
848 3126 873 3176 Si
887 3127 942 3192 quie
991 3127 1021 3176 la
1034 3132 1111 3176 'cantu
1124 3123 1275 3191 oculoaArgi
1289 3123 1489 3188 aemmtbatque

440 3210 519 3251 tamen
530 3200 592 3250 tueri
602 3201 672 3251 malit
680 3202 744 3252 verb.
754 3204 864 3261 detinuit,
870 3217 941 3252 versu
991 3198 1145 3250 custodientis
1156 3213 1262 3248 vacem

439 3291 492 3341 aeq.
502 3279 561 3326 dien
570 3292 638 3342 poene
649 3275 675 3325 in
685 3278 773 3333 duan,
780 3275 798 3324 i.
806 3291 829 3325 a.
839 3276 940 3340 Argum,
1023 3275 1081 3325 685.
1100 3275 1197 3340 Pugnat
1208 3273 1332 3338 animaru]
1345 3275 1450 3338 Pugnat,
1461 3281 1489 3322 ut

441 3349 483 3414 qui
499 3349 603 3400 ducebat
620 3349 656 3405 Io.
672 3349 768 3408 mutari,
778 3357 836 3399 tunc
850 3359 940 3399 euntem
989 3349 1099 3400 evincat:
1125 3366 1149 3398 v.
1164 3350 1224 3404 1549.
1243 3357 1334 3416 pugnat
1354 3355 1472 3413 nauigare
1479 3365 1490 3406 ,·

440 3438 501 3482 enee,
512 3423 547 3472 ire
558 3423 687 3474 volentem.
720 3423 813 3473 Neutra
826 3423 940 3473 emenda·
991 3427 1048 3476 ³54.
1065 3425 1166 3474 renuliri
1188 3422 1415 3480 luctante-Malloi,
1436 3421 1491 3470 dul·

440 3497 681 3548 tionobiaeatiafacit
702 3498 758 3546 Non
768 3499 842 3564 probo
851 3507 942 3548 euaten
991 3516 1039 3559 cea,
1057 3514 1149 3549 meree.
1183 3497 1262 3548 Etiam
1274 3496 1366 3548 Gracia
1379 3497 1491 3562 poneba

441 3574 538 3622 ducem:
558 3587 614 3621 narn
632 3571 653 3621 ie
668 3571 718 3639 ipae
735 3581 859 3638 rogaverat
875 3573 940 3622 Mer·
991 3573 1080 3633 ὕπνος.

441 3646 543 3704 curium,
555 3655 583 3696 ut
598 3646 671 3696 vellet
685 3645 730 3697 eibi
745 3655 840 3713 tempue
857 3645 941 3696 fallere
1024 3649 1081 3698 689.
1094 3647 1152 3696 Turn
1159 3647 1247 3711 Deru]
1263 3645 1394 3696 Commode
1403 3643 1491 3694 intexit

347 3771 355 3793 ¹
441 3721 625 3771 confabulando.
658 3722 709 3771 Cur
718 3722 791 3786 igitur
801 3737 865 3771 nunc
876 3720 941 3772 abire
991 3722 1097 3772 fabulam
1123 3721 1155 3772 de
1176 3723 1275 3788 Syringa
1301 3719 1489 3786 nymphaque

441 3803 560 3860 properat,
581 3795 623 3845 nbi
645 3795 686 3846 ille
707 3797 747 3846 rix
770 3794 864 3845 initium
886 3795 942 3844 fecit
991 3813 1065 3862 quum
1075 3796 1167 3862 fugeret
1181 3811 1284 3846 amorem
1297 3793 1379 3852 Pania,
1389 3794 1414 3842 in
1425 3795 1490 3843 cala·

440 3869 628 3920 confabulandi?
644 3873 676 3920 Et
686 3873 733 3920 dur
746 3870 777 3919 de
791 3869 888 3920 custode
900 3870 942 3920 bo-
992 3886 1043 3920 moe
1057 3878 1149 3920 mutua
1158 3879 1203 3930 eet,
1213 3869 1276 3920 unde
1287 3871 1340 3919 Pan
1349 3870 1394 3919 eibi
1405 3868 1490 3919 stnrait

440 3943 477 3992 vie
494 3942 598 3994 insulana
614 3943 672 3993 mihi
687 3944 796 4005 videtur3
811 3943 889 3993 visum
905 3951 942 3993 eet
990 3944 1174 3994 horulam—Sub
1185 3943 1395 3994 montthuereraari
1405 3942 1489 3992 dicun-

441 4015 514 4066 etiam
524 4017 628 4084 Heynin,
641 4018 742 4068 Observ.
753 4017 873 4068 ad'fihul.
884 4018 906 4067 1.
918 4033 941 4066 x.
991 4027 1037 4077 tur,
1057 4019 1099 4084 qui
1118 4018 1144 4067 in
1162 4017 1289 4076 montibus,
1307 4027 1349 4068 aut
1367 4017 1432 4068 circa
1448 4033 1490 4066 coe

444 4090 482 4139 10.
498 4090 551 4140 Nee
562 4091 643 4157 placet
653 4092 717 4141 verb.
727 4095 839 4142 diminuit
847 4099 943 4158 propter
991 4103 1172 4143 commorantur.
1193 4093 1273 4142 Etiam
1283 4097 1325 4142 iub
1335 4095 1440 4149 mittun,
1448 4093 1490 4141 aih

439 4175 539 4223 euntem,
554 4164 571 4213 i.
588 4182 610 4215 e.
624 4173 761 4231 vergentem
777 4165 809 4216 ad
824 4181 943 4216 cccaaurn.
991 4185 1066 4224 amne,
1079 4170 1119 4217 eui
1129 4172 1175 4217 orie
1184 4166 1209 4214 in
1220 4183 1280 4216 nan:
1294 4167 1349 4216 vide
1359 4167 1493 4215 Burmann.

439 4238 512 4305 Apud
528 4239 581 4290 Cic.
596 4239 694 4305 quidem
709 4243 836 4290 diminuere
855 4251 940 4306 tempue
1021 4241 1078 4290 690.
1096 4241 1281 4305 Iicandrum,
1292 4239 1422 4306 Nymphae,
1434 4255 1489 4305 qna

333 4337 335 4344 ⁴
440 4313 513 4380 paulo
527 4313 595 4364 aliter
609 4314 710 4376 diciturj
729 4315 851 4381 multoque
862 4315 941 4366 minue
988 4315 1041 4380 ἅμα
1054 4317 1110 4379 τμῖς
1121 4313 1202 4380 δρυσὶ,
1214 4330 1269 4364 cum
1279 4316 1415 4380 quercubus
1425 4314 1489 4364 aliis-

440 4387 503 4437 tsahi
518 4388 565 4438 huc
581 4397 678 4454 poeeunt
688 4387 785 4453 phrases
799 4387 847 4437 illa
859 4389 938 4438 Hore-
989 4406 1036 4456 que
1052 4389 1175 4439 arboribus
1188 4391 1257 4455 (narn
1272 4387 1330 4456 δρῦς
1343 4387 1399 4438 olim
1415 4387 1492 4438 omnia

441 4462 521 4513 tiana.
531 4462 653 4513 Gebhard.
664 4462 736 4528 Crep.
747 4462 769 4514 l.
779 4462 812 4511 ix.
825 4461 939 4527 explicat,
989 4464 1067 4522 arbor,
1083 4463 1164 4513 Schol.
1182 4465 1253 4512 Hom.
1269 4464 1300 4512 ad
1315 4463 1346 4513 ll.
1357 4469 1391 4514 Α.
1403 4463 1450 4524 86)
1468 4471 1494 4511 et

442 4536 572 4586 consumsit
590 4536 765 4586 confabulando
783 4543 809 4586 et
826 4535 940 4600 transegit
990 4537 1056 4586 nasci
1070 4544 1095 4586 et
1106 4536 1202 4586 interire
1217 4536 1389 4586 credebantur:
1406 4535 1488 4585 Schol.

440 4609 503 4660 diem
511 4611 563 4677 jam
575 4611 727 4662 adoecawm
738 4616 882 4674 vergentem.
909 4610 940 4658 Et
989 4610 1102 4677 Apollon.
1118 4611 1167 4660 Rh.
1184 4611 1215 4662 ed
1230 4629 1279 4662 ver.
1296 4613 1359 4673 tra;
1378 4611 1444 4661 Plut.
1459 4611 1490 4660 de
