3494 6002
482 795 550 860 aaa
649 775 650 790 ¹
773 791 812 856 P.
838 789 999 856 ovrnu
1026 788 1236 855 Nasonis

488 969 623 1043 Vincla
639 968 724 1041 duae
742 965 903 1065 pedibus
921 965 1100 1040 demunt:
1129 989 1217 1040 nam
1234 962 1379 1037 doctior
1395 962 1467 1036 illis

487 1086 648 1162 Ismenis
667 1083 839 1171 Crocale,
859 1107 1009 1180 sparsos
1026 1105 1093 1182 per
1108 1083 1206 1156 colla
1222 1080 1379 1179 capillos

489 1202 644 1299 Colligit
659 1201 697 1274 in
712 1201 870 1286 nodum3
892 1199 1062 1297 quamvis
1077 1208 1157 1272 erat
1171 1198 1254 1296 ipsa
1272 1197 1417 1270 solutio.
1465 1189 1534 1269 170

488 1319 698 1418 Excipiunt
722 1317 874 1391 laticem
902 1315 1164 1413 Nepheleque,
1192 1311 1406 1412 Hyaleque,
1433 1311 1533 1386 liba-

638 1435 793 1532 nisque3
1569 1421 1571 1429 ’

488 1551 539 1626 Et
552 1550 708 1636 Psecan,
721 1560 760 1624 et
771 1549 924 1639 Phiale3
945 1548 1183 1646 funduntque
1199 1546 1406 1646 capacibus
1419 1545 1532 1619 umis,

487 1669 666 1766 Dumque
682 1669 735 1741 ibi
753 1667 935 1766 perluitur
952 1666 1064 1740 solita
1080 1663 1231 1738 Titania
1247 1663 1415 1763 lympha,

488 1785 590 1860 Ecce
609 1809 726 1883 nepos
746 1783 895 1869 Cadmi,
914 1783 1032 1856 dilata
1049 1791 1155 1880 parte
1171 1781 1354 1866 laborum,

488 1901 564 1976 Per
574 1924 706 1976 nemus
720 1900 888 1997 ignotum
900 1925 974 1974 non
985 1899 1098 1974 certia
1113 1899 1288 1997 passibus
1302 1921 1443 1983 errans,
1466 1899 1533 1970 175

487 2017 664 2094 Pervenit
681 2016 719 2090 in
737 2018 884 2104 lucum;
907 2017 961 2092 sic
980 2018 1085 2091 illum
1103 2017 1183 2092 fata
1199 2015 1382 2091 ferebant.

490 2133 564 2218 Qui
583 2133 695 2207 simul
714 2133 866 2207 intravit
882 2136 1048 2209 rorantia
1063 2134 1231 2209 fontibus
1250 2144 1377 2219 antra,

491 2251 599 2325 Sicut
616 2261 734 2336 erant,
753 2251 833 2326 viso
851 2253 962 2326 nudae
981 2277 1050 2327 sua
1065 2263 1219 2352 pectora
1241 2249 1428 2349 Nymphae

488 2367 716 2442 Percussere
733 2367 831 2457 viro;
861 2369 1073 2468 subitisque
1091 2368 1296 2444 ululatibus
1314 2391 1426 2442 omne

488 2652 588 2718 Dactyl.
602 2651 624 2702 1.
640 2650 656 2700 i.
667 2651 709 2700 68.
724 2651 912 2718 conspiciuntur.
940 2654 986 2704 De·
1072 2655 1126 2702 171.
1144 2653 1270 2714 Εεήρὶαηι
1292 2652 1391 2707 lutiam,
1414 2663 1500 2714 aquam
1521 2664 1535 2698 a

488 2745 547 2780 mere
561 2735 586 2778 et
599 2729 698 2778 adimere
709 2727 782 2776 rerba
793 2727 818 2776 in
835 2727 880 2777 bac
894 2743 920 2778 re
933 2743 986 2796 pro-
1037 2726 1141 2784 latendo,
1166 2725 1230 2791 qnod
1262 2725 1287 2774 'm
1314 2732 1381 2772 terrae
1408 2723 1475 2772 venis
1501 2723 1535 2772 la-

488 2804 546 2872 pria.
578 2802 651 2868 Apud
668 2802 780 2852 Plautum
799 2803 901 2852 occurrit
918 2820 988 2853 meere
1037 2811 1096 2852 teat.

487 2881 544 2930 item
560 2879 791 2941 compsdtrodimars.
818 2879 919 2934 Crocale,
934 2877 987 2928 α’πὸ
1072 2879 1126 2926 175.
1144 2877 1197 2924 Nost
1208 2877 1276 2925 cattis
1289 2877 1396 2938 parribus,
1406 2873 1459 2923 sina
1472 2883 1535 2922 certo

488 2957 532 3006 τοῦ
552 2949 710 3018 κεκρυφάλου,
727 2951 790 3015 quod
812 2952 898 3019 eapitis
917 2967 986 3002 orna·
1036 2951 1135 3002 consilio
1150 2959 1175 3000 et
1190 2949 1316 3016 proposito,
1335 2950 1439 2998 ermbat.
1475 2949 1536 3014 Vaga

489 3026 697 3078 mammutius
707 3027 838 3082 reticulum,
850 3042 898 3090 quo
909 3025 987 3076 crines
1035 3023 1448 3091 pedeerrsreestlleroid.ni.96.
1483 3023 1535 3071 Nos
1561 3029 1575 3075 .¹

489 3100 668 3154 cohibebantur.
693 3099 723 3148 Id
734 3098 758 3148 b.
769 3099 785 3149 l.
793 3109 818 3149 ot
827 3100 913 3166 passim
924 3101 987 3166 apud
1036 3105 1104 3152 certis
1114 3103 1217 3150 monibus
1230 3099 1315 3149 eodem
1330 3098 1534 3164 sensuap.l²mp.

489 3175 574 3241 virgil.
597 3177 669 3224 amau
687 3183 804 3234 vocatum
832 3174 987 3240 formulaeque
1037 3177 1059 3226 1.
1069 3175 1103 3224 iii.
1114 3177 1139 3224 8.
1175 3172 1256 3224 Nostri
1273 3173 1374 3224 Codices
1389 3172 1534 3237 Regiibunt

488 3250 596 3300 solennes
606 3255 669 3302 sunt,
680 3246 758 3297 crines
767 3251 825 3296 nodo
833 3255 858 3296 et
868 3251 894 3296 io
904 3251 988 3298 nodum
1037 3266 1131 3300 versum
1153 3257 1291 3314 agnoscunt.
1335 3249 1390 3296 Non
1412 3255 1473 3302 erat,
1496 3261 1537 3294 aar

489 3325 602 3390 colligere.
638 3321 740 3378 Ismenis.
756 3321 880 3380 Thebana,
902 3324 933 3372 ab
952 3323 987 3372 ls-
1038 3325 1152 3374 Heinsius
1161 3341 1216 3374 eum
1226 3323 1280 3390 eyici
1293 3321 1381 3382 vellet3
1395 3321 1461 3371 valet
1474 3320 1535 3370 enim

489 3413 559 3448 meno
576 3392 656 3453 llurio,
674 3395 716 3460 qui
735 3404 816 3446 tamen
835 3396 879 3446 boc
902 3413 986 3448 nomen
1037 3399 1067 3449 sd
1091 3399 1250 3448 innocentiam
1270 3397 1389 3447 Actaonis
1413 3396 1537 3446 deciman

489 3474 585 3522 demum
596 3471 836 3535 accepitablsmeno
846 3471 987 3539 Amphionis
1037 3475 1100 3524 dam.
1133 3473 1269 3523 Secundum
1287 3472 1418 3538 Hyginum,
1434 3471 1537 3520 eundem

488 3557 513 3598 et
530 3547 621 3596 Niobes
636 3544 781 3610 illaquam
798 3555 870 3612 antea
885 3545 986 3610 Κάδμου
1035 3548 1114 3598 locum
1134 3549 1231 3614 petebat
1252 3548 1282 3597 nd
1300 3563 1326 3596 se
1344 3546 1537 3611 refrigerandam.

491 3625 555 3680 ποῦς
565 3629 704 3680 incuratum
721 3619 776 3669 vide
786 3621 870 3671 Burm.
893 3619 988 3672 Iouernis
1036 3623 1152 3672 Nonnulli
1162 3630 1276 3672 venantes
1293 3625 1378 3678 locum,
1391 3621 1415 3671 id
1426 3630 1471 3678 est,
1482 3637 1537 3686 par·

489 3697 539 3747 fllia
552 3694 619 3744 fluvii
629 3695 719 3743 Ismeni
729 3711 758 3744 ex
770 3711 795 3744 re
805 3695 836 3744 de
848 3695 933 3746 Graeco
945 3713 987 3746 no-
1036 3707 1084 3748 tem
1100 3697 1234 3747 interiorem
1244 3707 1268 3746 et
1278 3695 1419 3746 sanctiorem
1433 3698 1537 3750 amoris,

490 3771 597 3826 minster
613 3765 732 3834 emerito,
743 3769 852 3818 calculus
861 3777 898 3818 est
908 3769 987 3820 litora·
1039 3772 1139 3822 adibant
1146 3773 1251 3820 Deorum
1258 3770 1446 3822 venerandorum
1457 3785 1538 3820 censa.

489 3845 527 3902 lis,
537 3843 576 3894 vel
591 3843 617 3892 in
632 3842 679 3890 imo
690 3842 768 3892 lontio.
796 3843 892 3894 Doctior
899 3861 908 3902 ,·
925 3844 987 3910 peri-
1037 3846 1102 3894 Plin.
1114 3847 1176 3896 Pan.
1189 3847 1230 3894 al.

491 3920 554 3979 tior3
581 3920 660 3966 docum
685 3925 713 3966 ut
739 3919 821 3983 σοφὸς,
850 3917 988 3984 quicunque
1071 3921 1126 3970 178.
1143 3921 1207 3968 Sicut
1225 3927 1339 3976 arenant
1354 3918 1446 3967 iim.
1471 3917 1538 3966 Dum

492 3993 594 4058 alicujus
613 3993 670 4041 artis
691 3992 780 4058 peritus
798 4001 851 4054 est;
871 3993 927 4042 vide
947 3993 987 4042 Fi·
1037 3995 1162 4060 Nymphas
1172 3993 1298 4050 ululantes,
1309 3993 1415 4042 Dianam
1424 4007 1480 4042 vero
1491 4007 1539 4040 non

489 4067 568 4118 sober.
604 4065 712 4115 Iudicem
731 4067 755 4115 in
775 4066 860 4115 AEsah.
878 4066 902 4114 h.
916 4085 941 4117 v.
963 4077 988 4116 et
1038 4069 1082 4118 nisi
1099 4070 1278 4118 erubescentem
1295 4066 1540 4125 facitdecorumob-

492 4147 623 4195 Burmann.
634 4141 664 4190 ad
677 4141 773 4190 Pboedrl
784 4141 829 4191 lv.
839 4143 888 4191 lab.
900 4140 948 4192 xvi.
962 4147 987 4192 11.
1037 4152 1123 4194 servat.
1158 4143 1248 4200 Tacere,
1259 4143 1387 4206 exquisite,
1399 4141 1508 4206 menpb.
1525 4156 1540 4189 s

492 4219 526 4268 Et
545 4225 595 4265 erat
617 4215 681 4271 artis,
703 4213 780 4264 crines
799 4214 833 4264 sic
859 4214 988 4280 colligere5
1037 4216 1143 4267 vestibus
1159 4225 1262 4284 sumpta.
1285 4217 1366 4266 Diana
1377 4218 1540 4266 altitudines.

490 4291 547 4342 binc
556 4289 676 4348 miniano,
688 4289 774 4355 quibua
784 4305 813 4338 ea
824 4305 881 4339 curn
895 4290 988 4355 injunc-
1037 4291 1176 4358 proceritate
1184 4302 1208 4342 et
1217 4291 1333 4356 dignitato
1343 4291 1473 4357 conspicua
1479 4300 1543 4350 eran

491 4375 525 4424 tn,
536 4364 637 4432 primum
648 4363 726 4413 locum
737 4365 859 4414 tenebant.
870 4365 954 4413 Amor.
967 4365 987 4414 1.
1037 4365 1102 4416 unde
1112 4366 1199 4432 τεςίηω
1211 4365 1234 4414 ei
1245 4366 1375 4431 comparari
1390 4367 1476 4422 solent,
1488 4365 1541 4413 He-

491 4440 525 4491 xi.
547 4441 571 4488 l.
608 4436 792 4506 Hemistichiurn
815 4441 922 4502 quamne,
942 4449 988 4488 etc.
1038 4440 1093 4489 lana
1114 4440 1178 4506 apud
1199 4441 1337 4497 Homerum,
1354 4439 1404 4489 od.
1420 4445 1449 4490 Δ.
1473 4441 1540 4499 laa;

492 4513 617 4580 Crispiana
631 4529 646 4560 a
660 4511 733 4562 sciolo
744 4513 860 4562 monacho
870 4511 990 4578 adjectum
1040 4515 1104 4564 Dido
1122 4515 1183 4581 npnd
1198 4515 1265 4580 Virg.
1278 4515 1377 4564 AEneid.
1393 4515 1409 4564 i.
1420 4515 1469 4564 498
1486 4532 1543 4581 sqq.

492 4591 603 4658 putabat.
620 4587 697 4635 Immo
705 4585 776 4635 ovid.
785 4603 813 4635 eo
822 4595 910 4644 mouet,
918 4586 990 4636 artifi·
1040 4589 1081 4638 ubi
1095 4589 1154 4638 Deos
1162 4591 1309 4652 supereminet
1320 4605 1401 4638 mares.

493 4659 990 4727 eam,utfitiumipeiuecrinesneglexisre.
