3494 6002
431 801 902 874 METAMORPHOSEON
925 805 1016 874 LIB.
1041 809 1103 875 IV.
1216 813 1281 880 275

233 977 472 1076 Quocunque
489 976 708 1077 ingrederis,
728 982 869 1057 clamor
883 983 1074 1081 juvenilia,
1094 994 1134 1060 et
1150 1010 1227 1062 una
1264 991 1268 998 '

189 1127 194 1141 ·
233 1095 422 1171 Femineae
439 1121 563 1184 voces,
583 1097 821 1199 impulsaque
838 1109 1021 1200 tympana
1037 1102 1186 1200 palmis,
1231 1109 1280 1178 29

141 1267 143 1272 ,
233 1211 487 1312 concavaque
500 1238 575 1290 aera
587 1226 735 1310 sonant,
746 1217 938 1317 longoque
948 1218 1129 1296 foramine
1139 1222 1277 1296 buxus

232 1327 411 1418 PacatuS,
430 1317 622 1431 mitisque,
642 1345 776 1431 rogant
795 1333 1020 1429 Ismenides,
1040 1336 1164 1426 adsis3

231 1443 423 1545 Jussaque
438 1471 545 1523 sacra
561 1449 712 1525 colunt:
742 1450 831 1524 solae
850 1449 1066 1551 Minyeides
1088 1454 1203 1542 intus,

234 1561 506 1662 Intempestive
521 1566 718 1642 turbantes
736 1553 834 1642 festa
851 1567 1035 1659 Minerva,

232 1680 311 1754 Aut
327 1681 471 1756 ducunt
487 1684 606 1770 lanae,
625 1694 691 1758 aut
708 1685 869 1759 stamina
885 1685 1023 1784 pollice
1040 1699 1202 1776 versant,
1229 1693 1277 1763 34

230 1799 310 1872 'Aut
326 1797 469 1874 haerent
482 1801 579 1887 telae,
599 1800 835 1901 famulasque
852 1802 1044 1880 laboribus
1062 1815 1210 1901 urgent.

232 1913 265 1988 E
283 1916 422 2015 quibus
441 1941 516 1991 una
531 1917 604 1992 levi
620 1917 814 1994 deducens
832 1920 969 2018 pollice
986 1918 1105 2008 filum,

264 2209 465 2275 ³⁰.·Gonconoquo
473 2227 529 2268 cro,
538 2210 650 2275 cymbala
659 2226 728 2261 cren.
779 2213 851 2262 boos.
872 2211 930 2262 tud.
941 2211 972 2260 td
982 2211 1009 2260 li.
1019 2211 1077 2260 tlt.
1096 2211 1195 2262 Plenius
1205 2212 1278 2264 Clau-

230 2283 352 2351 longoque
354 2285 474 2351 foramine
483 2287 563 2337 tumn.
582 2285 729 2352 Peripha-asir
778 2285 844 2336 dian.
863 2303 904 2336 xx.
928 2287 998 2336 3852·
1021 2285 1112 2335 Vellera
1139 2301 1180 2348 per
1200 2295 1278 2336 tenues

229 2367 266 2408 est
288 2357 353 2407 tibia
371 2374 424 2425 quta
446 2376 475 2409 ex
503 2361 567 2409 buxo
591 2359 642 2408 fieri
661 2360 729 2410 solet.
770 2360 837 2426 fsm‘
847 2363 1059 2424 prodrwnerintos.
1090 2360 1277 2412 Verrorialani-

229 2431 309 2498 longo
321 2432 442 2498 foramine
460 2432 637 2498 explicandum,
658 2433 730 2500 longa
778 2434 829 2484 ficis
839 2433 927 2483 dicitur
938 2443 962 2484 et
972 2443 1067 2491 atamen,
1077 2433 1152 2492 filum,
1163 2443 1187 2484 et
1194 2435 1276 2502 func,

227 2507 289 2556 serie
308 2507 458 2565 foraminum,
479 2507 567 2558 docent
584 2507 671 2558 Noster
687 2507 728 2559 xii.
772 2517 806 2558 ut
823 2509 887 2570 2215
908 2507 949 2558 vii.
969 2509 1019 2568 223
1043 2507 1123 2558 Tibul.
1141 2510 1176 2558 ΙΙ.
1193 2510 1211 2560 i.
1226 2511 1275 2560 tt:

231 2582 287 2633 rte.
309 2583 403 2648 longave
428 2583 633 2650 multisoni—tibio
654 2584 728 2642 buri,-
779 2581 1205 2646 Fusnsnppon'topollicsoersotopns.
1222 2584 1277 2634 Hc·

228 2657 343 2706 Horatius
359 2657 440 2716 etiam,
450 2657 504 2707 Art.
517 2659 549 2708 P.
559 2659 616 2708 20³.
627 2660 684 2707 tibio
694 2667 728 2707 ts-

227 2733 283 2780 nor't
304 2735 438 2797 simplosque
451 2733 571 2800 foramine
589 2749 681 2796 pascu
704 2741 728 2782 at

228 2805 316 2871 Virgil.
327 2807 376 2871 qui,
387 2805 486 2856 AEneid.
499 2807 532 2856 ix.
547 2808 603 2856 618.
616 2806 727 2873 Phrygia

226 2879 294 2930 tibin
313 2881 406 2944 biforem
423 2891 518 2930 contum
534 2879 625 2931 tribuit.
652 2882 727 2931 Hein-

225 2955 277 3005 sius
300 2955 449 3021 conjecturat
474 2973 577 3022 uncoque
598 2957 726 3023 foramine,

225 3029 293 3096 quod
303 3029 378 3080 multo
388 3030 471 3080 durius
487 3031 548 3080 toret
562 3029 646 3080 altero.
677 3032 727 3080 Irn-

225 3119 268 3153 mo
285 3103 356 3154 lectio
373 3104 474 3162 Hanni,
491 3120 669 3164 rennuentem,
685 3121 727 3156 no·

224 3185 281 3227 stre
293 3179 455 3246 explanationi
465 3178 561 3228 omnino
571 3188 697 3245 repugnat.

261 3254 301 3303 at.
319 3254 421 3304 Pocotnr
433 3263 457 3303 et
475 3256 544 3311 mitis,
555 3255 672 3306 vocabula
688 3271 725 3304 so·

224 3328 310 3378 lenuis
339 3328 364 3377 in
392 3327 584 3378 benectionibus
612 3329 727 3378 Deorum.

224 3403 323 3468 Rogant
343 3401 472 3453 Inmites.
495 3403 617 3452 Theboura
632 3411 727 3462 mabas,

223 3486 254 3528 ut
283 3475 340 3526 felix
366 3476 505 3542 faustusque
530 3476 601 3535 adsis,
628 3491 726 3542 precan-

222 3561 276 3603 lul·-

260 3627 302 3676 32
320 3627 383 3694 Solos
397 3625 441 3674 has
451 3625 504 3674 Deo
518 3623 653 3674 adventas
666 3639 725 3682 etse.

221 3709 309 3751 monet
319 3699 391 3750 etiam
401 3699 520 3750 AElianus.
537 3697 621 3759 Intar5
633 3699 657 3748 in
668 3699 726 3749 ndi-

219 3779 281 3837 bus,
290 3793 365 3842 quum
375 3775 473 3841 reliqum
484 3775 594 3824 mulieres
603 3775 628 3824 in
637 3773 725 3824 Citha-

220 3867 282 3902 rona
302 3849 482 3900 baccharentur.
519 3847 630 3906 Turboni,
647 3849 724 3914 prole·

223 3943 285 3977 nare
305 3925 378 3992 quod,
400 3926 457 3974 ³90.
479 3921 636 3973 substituitur.
670 3923 724 3974 Cio.

223 4001 359 4053 H.R„to:
377 4019 443 4050 cnoro
456 3999 562 4063 ludosque
572 3999 707 4049 conturbare
714 4017 723 4058 ,·

222 4075 344 4138 Quinctil.
351 4076 486 4126 Deamdd.
493 4075 586 4136 polteo
595 4089 661 4122 mero
672 4083 723 4122 tur·

222 4157 289 4202 bore.
324 4149 484 4213 intenpestiva
508 4148 623 4205 Minerva,
650 4163 724 4212 quum

221 4229 304 4278 abeno
324 4237 427 4292 tempore
446 4237 542 4290 operam
560 4222 644 4272 duent
663 4223 724 4272 lani-

778 2667 831 2706 rent
847 2656 889 2716 rei,
901 2665 942 2706 aut
956 2656 981 2706 in
996 2671 1021 2706 re
1036 2655 1125 2722 eliqua,
1136 2655 1178 2722 qui
1194 2657 1277 2708 sedulo

779 2747 832 2781 eam
848 2740 959 2781 tractent.
987 2731 1119 2780 Hereres‘n
1134 2733 1207 2790 libris,
1223 2732 1278 2783 Cic.

778 2806 853 2856 Attin.
863 2805 914 2855 xiii.
926 2808 956 2855 4.-
975 2806 1069 2855 Haerere
1085 2810 1112 2856 t'n
1124 2810 1191 2870 jure.
1208 2809 1278 2858 Orat.

777 2881 794 2930 i.
806 2883 847 2932 38.

809 2958 850 3006 ³6.
861 2955 1058 3022 Uno,1encippa.
1076 2956 1275 3008 neomuto

776 3031 873 3082 adua
901 3029 1184 3095 neapolitanum.
1211 3032 1274 3082 Her·
1301 3077 1306 3088 ,

777 3107 844 3158 cules
861 3115 951 3164 contra,
972 3105 1051 3171 Epist.
1069 3106 1105 3155 ix.
1127 3107 1174 3156 ⁷⁷:
1199 3124 1276 3157 worm

777 3185 866 3232 robusto
883 3184 977 3232 deducit
991 3182 1074 3245 pollice
1083 3181 1140 3246 filo.
1168 3182 1274 3240 Detinet,

776 3257 879 3306 lanificio
890 3265 1019 3322 occupatas
1028 3255 1123 3306 retinet.
1153 3257 1275 3308 Etiamab

776 3331 868 3380 Anton.
886 3346 933 3380 rrr.
951 3329 1069 3396 φίλιργοι.
1099 3331 1161 3394 Opus
1179 3333 1275 3382 boemos

776 3407 826 3472 ipse
840 3405 954 3473 explicat,
965 3409 1024 3470 qnod
1042 3415 1139 3468 temporo
1157 3407 1225 3473 longo
1239 3411 1273 3458 ai·

776 3483 826 3532 deri
835 3481 888 3530 Non
898 3483 967 3530 sinat.
983 3481 1050 3530 lnlra
1060 3481 1117 3531 rot.
1128 3481 1161 3530 sic
1173 3481 1276 3532 minuere

777 3557 883 3606 laboratu
900 3554 987 3620 virgil.
997 3555 1087 3620 Georg.
1097 3555 1116 3604 i.
1127 3557 1184 3605 293.
1191 3565 1275 3607 terens

777 3629 862 3679 mulier
879 3631 972 3696 longuino
985 3639 1056 3678 contu
1071 3631 1158 3679 solatur
1169 3632 1273 3680 loborern.

775 3703 823 3753 Sed
841 3719 897 3753 cum
918 3702 1036 3752 hocloco
1057 3703 1137 3752 confer
1153 3702 1275 3770 inprimis

776 3780 863 3844 Georg.
873 3778 906 3827 iv.
917 3780 975 3828 ³45.
987 3775 1029 3827 nbi
1040 3777 1156 3843 Clymene
1166 3777 1227 3827 inter
1237 3795 1274 3828 so·

774 3869 838 3902 rores
844 3851 1062 3919 velleracorpentes
1069 3851 1174 3900 Deorum
1183 3867 1275 3904 amores

776 3935 863 3976 narrat.
893 3926 962 3976 Vun'o
979 3941 1085 3983 semona,
1096 3925 1168 3974 variis
1178 3925 1273 3977 labellis

774 4001 877 4051 vicissim
893 4001 1025 4052 nbrrandis.
1054 4001 1150 4058 Vacuus.
1170 4016 1216 4050 non
1232 4017 1272 4050 oc-

775 4075 933 4142 cupatnseliis
941 4077 1012 4126 rebus
1023 4073 1163 4136 audiendis5
1173 4074 1208 4124 iii.
1215 4077 1272 4126 ³19.

775 4167 847 4200 uncam
858 4151 929 4200 Juno.
947 4150 986 4200 Sic
997 4149 1103 4216 sequitur
1112 4149 1210 4215 longum
1220 4149 1282 4218 epi-¹

774 4224 867 4274 sodium
878 4241 952 4290 usque
964 4223 994 4274 nd
1005 4239 1054 4273 rer.
1064 4225 1127 4273 ³88:
1146 4239 1193 4289 quo
1207 4239 1270 4274 com·

223 4303 288 4360 ficio,
298 4301 338 4350 cni
348 4300 459 4349 Minerva
469 4306 580 4366 praeerat.
593 4296 687 4348 AElian.
699 4296 725 4346 ul
774 4297 844 4347 mode
855 4299 943 4364 jocosa
961 4298 1052 4364 aliquot
1065 4305 1090 4346 et
1105 4295 1223 4348 amatoria
1235 4298 1270 4347 fa-

221 4379 272 4445 μὶν
284 4376 341 4442 περὶ
358 4376 415 4432 roric
430 4373 513 4431 ἱστοὺς
528 4371 597 4437 εἶχον
611 4373 652 4422 rol
664 4371 723 4421 irro-

775 4372 844 4422 bellte
870 4372 1015 4430 intexuntur,
1035 4389 1088 4438 qun
1111 4371 1149 4420 rix
1176 4371 1270 4428 melius,

220 4455 314 4504 vorm
333 4451 390 4515 περὶ
413 4450 461 4510 τὴν
479 4445 614 4512 Ἐργάνην.
650 4446 725 4494 Tertio
774 4461 846 4510 quam
866 4463 881 4496 n
898 4447 1035 4496 mulieribus
1054 4445 1269 4502 conlabulantibus,

219 4531 315 4593 operari
327 4525 434 4574 Minervae
448 4522 510 4571 dixit
518 4521 599 4570 Tibul.
611 4519 646 4568 11.
658 4522 673 4570 i.
683 4522 724 4570 65.

222 4607 274 4652 Anat
285 4600 520 4650 ductant-laboribus
533 4605 626 4662 urgent,
636 4595 722 4662 triplex

774 4529 904 4570 narrantur.
938 4523 1026 4570 Earum
1050 4533 1173 4568 numerum
1197 4529 1269 4582 auget

774 4597 885 4647 dubitatio
904 4595 984 4660 prima
1003 4593 1106 4642 mulieris
1123 4599 1147 4642 et
1165 4589 1269 4658 presteri-

219 4676 350 4726 mulierum
369 4675 505 4724 Grncarum
525 4686 592 4737 opus.
626 4669 723 4719 Ducum
774 4670 807 4720 tio
816 4671 892 4720 tertie
903 4670 1043 4719 tro-tet.
