3494 6002
417 781 1094 857 naranoarnosnortnnt.111.
1157 861 1158 864 ,
1203 789 1271 856 265

223 966 392 1066 Corpore
409 966 601 1066 depresso,
620 972 661 1040 et
676 965 795 1065 spinae
813 965 1031 1045 curvamina
1046 965 1148 1041 flecti

223 1082 379 1182 Incipit:
407 1084 496 1158 huic
516 1081 700 1182 Lycabas,
721 1081 870 1180 lnquae
887 1082 1078 1171 miracula,
1097 1083 1208 1170 dixit,

222 1198 417 1274 Verteris?
444 1210 485 1274 et
500 1199 567 1274 lati
584 1199 714 1287 rictus,
733 1209 774 1274 et
791 1197 917 1298 panda
933 1199 1104 1297 loquenti

225 1314 261 1388 N
264 1316 338 1390 aris
352 1325 443 1404 erat,
456 1339 730 1414 squamamque
744 1317 842 1389 cutis
853 1315 987 1390 durata
995 1317 1180 1392 trahebat.
1198 1321 1271 1393 675

224 1431 276 1504 At
294 1431 424 1532 Libys,
444 1432 641 1507 obstantes
659 1432 749 1506 dum
765 1430 847 1506 vult
863 1432 1058 1508 obvertere
1075 1455 1212 1522 remos,

224 1547 270 1622 In
287 1549 453 1649 spatium
470 1550 613 1624 resilire
631 1570 764 1626 manus
782 1548 895 1624 breve
910 1547 1024 1640 vidit3
1053 1561 1094 1625 et
1110 1546 1193 1626 illas

222 1662 310 1740 Jarn
328 1689 404 1740 non
420 1689 504 1742 esse
521 1689 668 1754 manus,
683 1667 763 1764 J'am
781 1663 916 1764 pinnas
934 1687 1046 1765 posse
1063 1669 1202 1744 vocari.

224 1779 332 1856 Alter
349 1783 398 1858 ad
415 1783 573 1858 intortos
591 1781 749 1883 cupiens
765 1781 856 1856 dare
873 1781 1028 1857 brachia
1043 1783 1165 1875 funes,
1199 1791 1273 1862 679

226 1897 392 1974 Brachia
408 1923 483 1986 nnn
500 1899 652 1988 habuit;
673 1908 885 1997 truncoque
897 1901 1087 1998 repandus
1102 1901 1140 1976 in
1153 1905 1274 1980 undas

227 2015 396 2116 Corpore
413 2018 586 2093 desiluit:
615 2017 753 2092 falcata
769 2015 973 2090 novissima
986 2018 1108 2093 cauda
1125 2031 1205 2111 est3

228 2129 366 2216 Qualia
381 2134 542 2209 dividnae
560 2135 757 2208 sinuantur
774 2155 916 2207 cornua
933 2131 1064 2208 Lunae.

230 2247 411 2348 Undique
425 2251 518 2326 dant
534 2251 674 2340 saltus3
695 2251 891 2348 multaque
910 2243 1109 2351 aspergine
1127 2265 1274 2345 rorant;

228 2363 514 2468 Emerguntque
543 2368 701 2458 iterum3
745 2366 984 2465 redeuntque
1017 2368 1090 2442 suh
1125 2391 1278 2468 aequora

379 2471 508 2560 rursus
523 2513 532 2575 ;
1203 2476 1277 2562 6821

166 2627 173 2636 ·
229 2598 352 2697 lnque
369 2601 474 2676 chori
491 2601 627 2676 ludunt
643 2600 831 2701 speciem
860 2601 1076 2702 lascivaque
1089 2605 1236 2702 jactant

231 2715 420 2818 Corpora3
441 2729 480 2794 et
489 2729 689 2818 acceptum
703 2717 844 2818 patulis
858 2741 961 2792 mare
971 2720 1124 2795 naribus
1136 2723 1275 2798 efflant.

261 3030 318 3080 673.
336 3031 552 3096 loqueremur,
563 3030 589 3082 in
600 3047 673 3099 quam
682 3031 727 3082 mi·
776 3035 877 3089 danari,
895 3032 988 3080 curvari
1009 3033 1035 3082 in
1056 3034 1155 3084 formam
1172 3035 1241 3087 lalcis
1255 3045 1281 3088 ot

228 3119 277 3155 rem
290 3105 643 3159 homendrmt'aciemrerterir.
673 3109 728 3158 Vir·
777 3106 852 3156 sinus.
885 3105 945 3154 Her
960 3107 1032 3156 verbe
1050 3123 1124 3173 quum
1141 3117 1167 3159 et
1182 3110 1235 3178 ipsa
1249 3113 1281 3162 si·

229 3181 271 3246 gil.
282 3180 370 3246 Georg.
381 3180 415 3229 iv.
427 3181 490 3230 4⁴1:
513 3181 599 3230 Oronte
615 3183 729 3248 tronjor·
777 3179 908 3230 militudini
925 3178 1064 3240 inservient,
1075 3181 1213 3242 similitudo,
1224 3203 1279 3252 qum

228 3266 277 3304 nat
292 3260 375 3305 muto
388 3257 502 3305 miracula
516 3271 602 3306 nrum.
632 3257 729 3314 Noster,
779 3255 919 3321 aspergitur,
936 3257 1058 3306 commode
1076 3259 1159 3308 abesse
1178 3269 1280 3326 poterat.

227 3331 261 3380 ir.
282 3333 344 3380 590:
374 3340 440 3395 teque
465 3333 588 3381 loir-me
614 3335 729 3381 maante.
781 3331 1200 3397 Novissimaextremapnrecaudn.
1235 3337 1280 3387 Dr·-

229 3405 286 3455 Jem
308 3406 372 3456 Scal.
397 3405 546 3471 reprehendit
568 3405 641 3458 Ouid.
666 3407 731 3474 quod
780 3408 852 3455 vidua
863 3409 929 3464 luna,
940 3423 1015 3472 quum
1027 3407 1140 3458 dimidius
1154 3410 1206 3476 ejtu
1219 3413 1282 3464 orbis

230 3496 334 3544 qnam
342 3481 451 3530 tribuerit
459 3480 583 3546 delphino.
742 3509 743 3514 =
778 3481 899 3530 comitur:
918 3480 1067 3532 aidalleins.
1096 3481 1136 3532 Ab
1153 3483 1199 3534 hac
1216 3485 1280 3538 lunae

262 3557 320 3604 676.
342 3555 463 3604 Otrerae
479 3571 549 3604 raros
565 3554 628 3604 idem
647 3569 728 3620 qnam,
780 3554 849 3621 pheri
868 3555 937 3606 fluxit
953 3557 1052 3606 verbum
1072 3559 1160 3616 tunam,
1179 3561 1282 3612 curvari.

229 3631 333 3679 inhibere
347 3633 421 3688 remit,
434 3629 555 3696 πρύμναν
570 3629 730 3696 κρούσασθαι,
782 3633 878 3680 Lunata
895 3631 973 3680 cnudo
992 3629 1112 3697 delphinis
1132 3631 1243 3684 tribuitur
1266 3649 1282 3686 a

229 3719 345 3754 converso
360 3703 457 3769 remigio
472 3709 597 3754 retrorsum
613 3705 655 3764 ire,
666 3705 730 3770 quod
780 3703 881 3754 Seneca.

229 3779 311 3829 facere
325 3779 493 3844 solenttogam
504 3778 655 3828 meditantes.
687 3781 732 3828 Ob·
812 3779 869 3828 ffld.
890 3779 997 3844 Undique
1006 3775 1167 3846 cantuum]
1191 3783 1281 3834 Amant

230 3857 322 3904 rtohoat
338 3853 402 3904 enim
419 3854 486 3912 remi,
500 3861 528 3904 ut
543 3853 610 3902 navis
626 3862 732 3921 coeptum
778 3851 888 3919 delphini
899 3869 945 3903 uon
957 3854 1032 3903 solum
1040 3855 1113 3903 :altra
1122 3865 1148 3905 et
1155 3855 1282 3910 altissimos

231 3943 326 3980 cursum
343 3939 424 3980 tenere
441 3945 488 3978 non
504 3938 596 3994 posset:
621 3931 733 3978 amores
779 3936 805 3976 et
814 3928 982 3986 uelocissimos,
990 3945 1072 3978 rerum
1082 3927 1155 3979 etiam
1165 3931 1282 3996 ejusmodi

110 4059 118 4072 .
232 4021 312 4052 nonem
330 4003 401 4054 vertit
423 4003 509 4052 Cicero
529 4002 587 4052 illud
607 4003 732 4062 Aratenm,
781 4003 852 4060 lmus.
864 4003 948 4068 quales
962 4003 1002 4051 hie
1016 4001 1190 4054 describuntur.
1224 4005 1282 4057 Iar.

231 4079 384 4130 ἀνακόπτειν
394 4081 456 4139 νῆα.
779 4076 915 4142 clemquia
934 4077 960 4125 in
978 4076 1044 4126 chori
1064 4077 1167 4142 speciem
1185 4077 1281 4131 ludunt.

266 4153 324 4202 678.
351 4153 406 4202 er
426 4151 530 4215 manaa]
558 4151 639 4201 Nostri
660 4151 733 4217 Regii
783 4149 1281 4204 [damnantemdicuuturchorietralta-

232 4229 427 4292 habentpmnoe:
443 4227 510 4294 parri
525 4226 603 4284 refert,
615 4243 669 4277 nam
679 4231 731 4290 pin-
783 4225 859 4274 tiones
870 4233 965 4292 propter
981 4235 1071 4276 motum
1087 4226 1226 4277 molliorem.
1241 4229 1283 4278 Ti·

231 4323 275 4354 πω
288 4304 388 4370 piscium
399 4320 442 4371 pro
450 4305 531 4368 pennis
544 4301 646 4368 piscium
656 4299 733 4368 accipi
782 4298 970 4348 beltranus:
982 4299 1067 4349 Noctis
1076 4315 1170 4350 currum
1177 4317 1282 4368 oequun-

231 4393 462 4446 posseneqnaquam
472 4377 572 4427 dubium
582 4383 627 4424 est.
783 4380 821 4422 tur
832 4375 914 4422 tantm
924 4373 1006 4422 Sidera
1009 4375 1083 4440 saluo
1094 4375 1168 4425 ebora.
1201 4377 1283 4429 luca·

266 4455 322 4503 679.
339 4453 425 4510 Fusae,
437 4451 570 4501 retinacula
586 4465 733 4499 ancorarum.
782 4447 832 4514 pite
855 4447 961 4498 toramen
981 4448 1073 4498 habent
1097 4463 1146 4513 quo
1167 4461 1283 4513 arreptum

236 4529 315 4577 Tortor
327 4527 403 4594 fiam
418 4525 480 4576 dixit
496 4525 566 4589 Virg-
584 4523 683 4573 AEueid.
700 4524 733 4572 iv.
783 4521 970 4581 marahensum
978 4539 1065 4588 nquam
1073 4523 1283 4584 mahumetanos,

234 4605 293 4654 575.
338 4604 412 4661 Dore,
443 4599 581 4658 extendere,
606 4599 733 4664 porrigere.
784 4597 847 4662 quod
860 4597 926 4646 idem
942 4607 967 4646 et
981 4599 1088 4648 balenas
1105 4597 1209 4649 maximo
1226 4615 1281 4650 curu

237 4679 336 4736 Tium,
356 4677 407 4728 sine
429 4676 547 4726 manibus.
591 4671 685 4724 Fulcort'
710 4681 735 4721 et
783 4669 1078 4738 strepitnlaoerescimur.
1276 4682 1278 4688 ·
