3468 5994
461 680 932 751 METAMORPHOSEON
955 682 1046 752 LIB.
1062 683 1105 750 V.
1239 683 1305 750 aut

255 851 380 938 Quam
399 867 605 955 postquam
623 867 703 932 toto
718 857 857 933 frustra
873 859 1064 958 quaesistis
1079 859 1118 934 iu
1135 857 1238 946 orbe,

219 986 222 994 '
257 969 435 1048 Protinus
453 985 496 1048 ut
512 985 673 1050 vestram
691 974 874 1051 sentirent
891 1000 1043 1074 aequora
1059 999 1200 1062 curam,

256 1085 376 1164 Posse
395 1113 508 1190 super
526 1091 664 1166 fluctus
682 1091 824 1166 alarum
842 1092 1016 1168 insistere
1033 1092 1145 1167 remis

257 1203 451 1305 Optasti&
480 1208 687 1307 facilesque
706 1208 809 1284 Deos
827 1210 1024 1298 habuistis,
1043 1221 1082 1285 et
1099 1221 1201 1288 artus

255 1313 411 1399 Vidistis
428 1336 573 1404 vestros
592 1325 728 1400 subitis
746 1326 948 1402 flavescere
965 1327 1114 1428 pennis.
1227 1331 1301 1402 560

256 1439 317 1516 Ne
334 1451 461 1516 tamen
479 1441 542 1517 ille
559 1465 686 1529 canor,
704 1443 926 1518 mulcendas
944 1454 1055 1518 natus
1073 1444 1121 1518 ad
1139 1467 1261 1529 aurea,

252 1555 452 1656 Tantaque
470 1557 539 1632 dos
557 1558 631 1633 oris
650 1558 787 1656 liuguoe
805 1559 1030 1659 deperderet
1046 1585 1169 1648 usum,

252 1673 420 1771 Virginei
438 1675 576 1761 vultus,
596 1685 635 1748 et
653 1699 725 1748 vox
744 1675 908 1750 humana
924 1675 1116 1751 remansit.
1163 1663 1164 1674 ¹
1290 1763 1293 1772 .

303 1789 356 1863 At
372 1788 520 1864 medius
537 1789 737 1887 fratrisque
752 1792 810 1865 sui
828 1802 1048 1891 moestaeque
1066 1792 1215 1880 sororis

252 1903 403 2005 Jupiter
420 1930 468 1981 ex
487 1929 596 2004 aequo
613 1906 824 1982 volventem
840 1907 976 1982 dividit
993 1932 1145 1982 annum.
1225 1913 1298 1983 565

255 2021 367 2098 Nunc
388 2023 484 2110 Dea,
503 2047 702 2120 regnorum
720 2048 859 2099 numen
876 2049 1074 2100 commune
1091 2025 1264 2112 duorum,

254 2137 354 2214 Cum
365 2150 484 2218 matre
497 2150 557 2216 est
569 2139 741 2225 totidem,
754 2141 911 2240 totidem
924 2165 1011 2216 cum
1023 2143 1184 2240 conjuge
1195 2165 1298 2215 men·

250 2257 420 2332 Vertitur
436 2257 628 2356 extemplo
644 2256 773 2344 facies,
791 2269 831 2332 et
847 2259 998 2346 mentis,
1017 2270 1057 2333 et
1073 2259 1170 2347 oris;
1206 2259 1298 2354 [ses.

250 2373 287 2448 N
290 2399 365 2466 am,
377 2374 490 2450 modo
503 2399 589 2472 quae
605 2384 751 2474 poterat
763 2374 844 2449 Diti
859 2399 1012 2474 quoque
1025 2385 1159 2450 moesta
1169 2375 1298 2454 videri,

251 2489 357 2565 Laeta
374 2489 467 2566 Deae
484 2489 587 2564 frons
602 2499 681 2579 est;
711 2499 753 2563 ut
772 2489 851 2578 Sol,
870 2492 937 2589 qui
955 2501 1079 2567 tectus
1097 2483 1250 2592 aquosis

251 2604 429 2682 Nubibus
444 2617 531 2680 ante
548 2604 630 2692 fuit,
648 2604 759 2681 victis
778 2605 843 2680 ubi
861 2607 1024 2682 nubibus
1043 2607 1135 2684 exit.
1225 2610 1295 2684 571

301 2721 434 2820 Exigit
450 2724 550 2797 alma
568 2722 698 2810 Ceres,
717 2731 807 2796 nata
822 2747 955 2798 secura
966 2723 1134 2826 ¹recepta,

248 2923 355 2975 quarere
365 2907 473 2976 possetis.
495 2907 544 2958 Ate
555 2907 750 2974 frequentsreum
800 2908 960 2966 Australibus,
976 2909 1040 2976 apud
1056 2909 1166 2960 meritum
1183 2909 1222 2967 sit,
1238 2909 1300 2960 intra

176 3016 178 3024 ι
249 2983 603 3048 naviumrsmiseomparsntur.
621 2981 751 3048 Remigium
801 2991 903 3045 terrsrn;
919 3000 959 3034 ser
976 2983 1045 3042 elios,
1056 2984 1143 3051 quibas
1157 2984 1212 3033 visit
1226 2983 1299 3036 Bore-

247 3060 341 3107 stanrn
356 3065 393 3108 est
409 3056 473 3124 apud
483 3056 630 3113 Lucretium,
641 3054 674 3106 ri.
686 3058 734 3106 743
742 3073 750 3118 3
801 3056 850 3105 elia
860 3072 940 3122 regna,
952 3069 1084 3124 emergant,
1096 3066 1262 3116 maturescant,
1274 3057 1299 3106 in

248 3143 275 3182 et
301 3131 367 3199 apud
388 3130 474 3196 Virgil.
501 3130 637 3196 aliquoties.
665 3129 749 3198 Eurip.
800 3129 883 3181 horres
893 3130 1043 3198 deportentur
1054 3133 1140 3200 fruges.
1170 3129 1298 3181 Valeriam

247 3206 329 3273 lpbig.
354 3207 428 3257 Taur.
446 3207 503 3256 289.
525 3207 626 3272 πτεροῖς
649 3203 749 3271 lplrrss.
799 3206 863 3270 quod
879 3207 955 3264 Luna,
966 3222 1019 3272 qum
1028 3207 1112 3257 eadem
1121 3214 1158 3256 est
1170 3222 1223 3272 qua
1241 3206 1299 3255 Pro·

247 3281 383 3348 Reciprnes
397 3289 443 3338 est,
457 3281 597 3330 observante
614 3278 704 3336 Servio,
719 3278 749 3328 sd
799 3279 894 3346 serpiua
903 3290 928 3331 et
941 3281 1032 3339 Diana,
1044 3297 1074 3331 ex
1089 3298 1158 3347 aquo
1171 3291 1298 3347 utrumque
1362 3291 1365 3297 ’

247 3359 309 3408 AEn.
325 3355 343 3406 i.
358 3357 415 3405 att.
432 3354 528 3405 navium
541 3364 566 3404 st
581 3353 662 3403 trium
674 3361 749 3402 meta·
799 3352 999 3420 hemispherium,
1006 3355 1114 3422 superius
1122 3363 1194 3422 atque
1202 3355 1299 3406 inierint

245 3433 331 3498 phora.
364 3429 450 3496 ltaque
471 3428 529 3478 remi
551 3427 655 3478 vicissim
674 3427 748 3476 Hom.
798 3427 911 3478 illustret.

246 3507 298 3557 Od.
311 3512 341 3557 Δ.
353 3507 408 3554 124.
419 3511 533 3554 vocantur
544 3501 631 3568 πτερά.
665 3501 751 3550 Facitis
831 3503 888 3553 568.
906 3503 986 3554 Facies
1002 3503 1198 3562 mammotrectis
1216 3501 1297 3553 animi.

247 3583 327 3638 Deus,
344 3579 386 3646 qui
407 3578 519 3630 facilest
539 3577 641 3644 benigne
658 3579 749 3628 obtem·
800 3576 854 3626 Diti
863 3595 955 3642 quomis.
988 3579 1046 3644 Ejus
1055 3577 1119 3626 enirn
1129 3585 1198 3641 eaput
1206 3579 1298 3626 musur-

246 3663 318 3721 perst
327 3653 446 3721 precibus.
797 3655 854 3701 sima
864 3653 934 3701 muln
943 3654 1040 3716 Asperat
1051 3663 1072 3702 et
1083 3654 1139 3701 dire
1152 3653 1212 3718 riget
1225 3653 1297 3700 incle-

281 3730 338 3780 561.
356 3727 433 3776 Natus
448 3725 499 3792 sd]
523 3723 588 3774 Vide
603 3723 635 3774 ad
649 3723 675 3773 ii.
690 3724 748 3774 22³.
797 3729 884 3774 mentia
894 3726 987 3792 forme,
1004 3725 1130 3776 Claudian.
1140 3724 1157 3774 i.
1167 3725 1208 3774 tt.
1226 3725 1256 3773 ln
1271 3724 1296 3775 h.

245 3813 319 3852 satur
327 3803 358 3852 ed
369 3818 434 3850 mera
446 3801 578 3858 Citllaerorr3
588 3807 613 3848 et
621 3797 747 3846 intrudat.
797 3800 895 3850 Homer.
906 3801 964 3849 445.
978 3799 1074 3868 Jupiter
1087 3815 1130 3865 per
1144 3798 1239 3848 Rbeam
1249 3797 1297 3850 Ce-

280 3877 339 3926 56⁴.
355 3875 447 3924 Msdtrss
449 3873 542 3940 fratris
551 3882 573 3921 et
582 3873 664 3922 sororis
671 3889 681 3931 ,·
698 3886 748 3922 me·
797 3873 843 3924 reri
859 3875 928 3923 offert
943 3875 1103 3924 conditionem
1118 3872 1189 3932 banc,
1206 3883 1232 3924 ut
1248 3873 1297 3924 fllia

243 3951 302 4001 dius
317 3951 379 4000 iuter
389 3949 483 3999 tratrem
493 3959 519 3998 et
528 3961 637 4004 sororem,
648 3945 693 3996 hoc
704 3955 748 4004 est,
798 3949 891 3998 tertiam
911 3949 1026 4015 cujusque
1047 3947 1103 3998 anni
1129 3957 1219 4014 partem
1241 3965 1297 3999 cum

244 4025 344 4091 utrique
361 4039 429 4090 arque
447 4021 538 4073 sarens.
556 4021 640 4071 Horat.
657 4019 683 4070 ii.
701 4019 750 4070 Od.
800 4022 903 4072 Plutone
920 4023 961 4081 sit,
981 4023 1042 4072 dues
1063 4022 1166 4089 reliquas
1186 4038 1242 4072 cum
1260 4023 1296 4090 ip·

245 4099 298 4150 xix.
308 4101 350 4150 28.
362 4099 430 4148 Paete
447 4099 533 4146 medius
547 4105 570 4145 rt
586 4097 648 4153 tutti,
663 4094 689 4144 id
705 4103 750 4153 est,
796 4113 824 4146 sa
838 4097 864 4146 in
881 4098 951 4146 coelu.
984 4096 1126 4148 conditione
1141 4112 1171 4147 ea
1187 4109 1296 4164 accepta,

244 4169 347 4239 utrique
365 4187 433 4238 eque
454 4171 564 4220 idoneus.
610 4169 748 4226 Volcentem,
797 4170 1003 4236 agrisubertatem
1013 4169 1102 4220 reddit.
1135 4171 1175 4221 Sic
1185 4180 1211 4220 et
1220 4171 1295 4237 Apol·

243 4243 635 4311 scilicet,se,verbumaptumde
647 4243 750 4295 decursu
797 4242 847 4293 lod.
869 4245 930 4292 Feb.
950 4241 1006 4292 iude
1026 4255 1101 4293 ortam
1126 4253 1194 4310 putat
1214 4245 1295 4294 Schol.

242 4321 314 4379 anni,
335 4321 377 4387 qui
402 4335 495 4386 semper
519 4318 545 4368 ln
571 4319 651 4368 orbem
677 4317 748 4367 redit.
797 4315 1295 4384 Hesiod.r.d'l'h.9lt.quialrugumsemi·

241 4397 346 4446 Homer.
356 4395 410 4454 {roc
420 4393 612 4462 rrpsrldpsrov.
634 4391 670 4442 Er
679 4410 748 4458 equo,
798 4391 1296 4457 naaliquotmensessubterralsteant,re·

241 4471 273 4520 in
283 4485 367 4537 aquas
375 4477 463 4536 partes.
495 4467 553 4517 cam
564 4477 653 4526 marm
671 4475 750 4534 utper
798 4466 1295 4533 liqnumtempmsupmterrsmsermntur.

241 4561 290 4596 sex
308 4560 411 4603 mensu,
425 4543 513 4610 quibus
528 4543 568 4594 Sol
585 4542 610 4592 in
626 4541 700 4608 sipnir
713 4551 748 4592 est
831 4541 968 4592 ata-6⁴1.
986 4542 1093 4605 Alpheus,
1109 4541 1165 4590 dum
1183 4541 1296 4590 Arrtlmsu
