3552 5984
455 789 520 856 rlri
847 777 1107 847 PRAEFATIO

453 967 566 1040 vicem,
581 981 679 1046 quam
697 955 739 1022 ab
760 954 939 1020 Ovidiania.
978 951 1073 1018 Alius
1096 951 1184 1018 color
1204 952 1245 1016 iis
1266 962 1328 1031 est,
1348 973 1433 1038 quae,
1455 952 1500 1016 lii.

456 1082 609 1157 582-691,
624 1077 776 1154 Acoetes3
790 1073 883 1150 alius,
898 1093 983 1158 quoe,
998 1095 1029 1136 v.
1045 1071 1198 1150 577-641,
1213 1069 1382 1137 Arethusa
1394 1071 1437 1134 de
1449 1091 1502 1147 se,

457 1202 549 1278 alius,
564 1221 638 1285 quoe
653 1195 788 1270 AEacus,
802 1192 856 1256 rii.
872 1190 1026 1266 518-660,
1040 1187 1083 1254 de
1101 1201 1193 1274 peste
1210 1201 1244 1255 et
1261 1189 1503 1276 Myrmidonum

399 1353 402 1361 ·
457 1341 587 1386 suorum
601 1309 742 1402 origine;
757 1311 839 1376 alius
849 1311 1002 1394 denique,
1011 1331 1085 1394 quae
1096 1299 1273 1395 Cephalus,
1284 1307 1337 1372 vii.
1348 1307 1501 1383 690ιὸ62,

457 1441 500 1506 de
511 1435 667 1502 Procride
681 1453 751 1508 sua,
762 1431 917 1496 referunt.
953 1426 990 1490 In
1005 1427 1109 1512 prima
1123 1437 1254 1490 nautam
1268 1425 1311 1490 de
1324 1427 1424 1490 rebus
1438 1423 1504 1489 suis

458 1559 653 1646 garrientem
666 1561 700 1618 et
714 1573 812 1616 causa
823 1571 881 1613 sua
894 1547 1050 1612 fidentem
1064 1545 1177 1611 audire
1191 1546 1250 1611 tibi
1265 1544 1400 1623 viderim
1416 1544 1507 1610 ideo-

457 1699 521 1765 que
534 1686 569 1742 et
582 1671 776 1761 ignoscimus
790 1667 884 1734 facile
898 1677 1015 1754 poeta,
1027 1665 1116 1752 quod
1132 1664 1280 1730 Penthea
1292 1663 1504 1728 furibundum

457 1794 562 1882 longis
587 1791 650 1858 illis
674 1789 864 1874 ambagibus
889 1809 984 1852 aures
1013 1789 1212 1872 praebentem
1233 1786 1338 1849 finxit.
1391 1782 1506 1848 Altera

459 1911 663 2000 simplicitate
677 1921 727 1974 est
743 1905 926 1992 conspicua.
974 1906 1013 1970 ln
1027 1905 1140 1970 ultima
1153 1904 1300 1971 adfectus
1314 1902 1505 1969 tenerrimus

459 2043 643 2099 narrantem
661 2030 704 2094 ab
725 2028 817 2092 initio
837 2026 1003 2112 usquead
1022 2027 1120 2092 finem
1138 2025 1281 2103 deducit,
1296 2024 1506 2109 studiumque

460 2149 598 2218 venandi
617 2135 806 2212 interlucet.¹
835 2145 1087 2210 Narrationibus
1108 2146 1306 2232 interpositae
1325 2154 1401 2209 runt
1417 2142 1506 2209 loco·

460 2293 541 2345 rum,
561 2266 727 2333 hominum
749 2283 921 2348 rerumque
940 2265 1178 2352 descriptiones,
1196 2287 1270 2351 quas
1287 2263 1506 2341 multitudine,

461 2391 616 2454 varietate
641 2397 674 2451 ct
696 2385 884 2470 praestantia
905 2407 965 2448 sua
985 2407 1051 2450 non
1076 2385 1227 2470 exiguam
1252 2385 1361 2470 operis
1381 2393 1507 2469 partem

461 2505 613 2574 efficiunt.
651 2503 866 2590 Quocumque
884 2502 996 2570 oculos
1015 2502 1259 2580 circumtuleris,
1275 2503 1508 2588 descriptiones

461 2628 521 2694 tibi
546 2635 716 2693 occurrent
739 2625 806 2690 sive
827 2623 993 2710 imagines,
1014 2647 1088 2710 quae
1114 2633 1146 2688 te
1169 2624 1339 2688 advertent
1363 2632 1397 2688 et
1418 2631 1507 2688 tene-

389 2804 392 2820 ,
461 2750 555 2813 bunt.
592 2743 799 2810 Phantasiam
816 2752 923 2828 poetoe
942 2743 976 2806 in
991 2743 1030 2807 iis
1047 2743 1170 2807 enitere
1182 2743 1250 2828 jam
1269 2763 1370 2828 supra
1387 2741 1508 2819 monui,

461 2865 520 2930 sed
545 2873 580 2929 et
600 2861 757 2948 judicium
781 2863 852 2946 ejus
877 2863 922 2926 in'
935 2860 1123 2948 deligendis
1140 2861 1299 2947 partibus,
1322 2883 1365 2926 ex
1389 2862 1509 2947 quibus

462 2984 617 3069 imagines
630 2981 827 3066 compositae,
842 2989 941 3066 atque
953 2981 1017 3044 vini
1032 2981 1191 3066 poeticam
1208 2978 1243 3044 in
1258 2979 1297 3044 iis
1314 2979 1509 3046 exornandis

463 3102 614 3168 admirari
636 3099 721 3166 licet.
768 3094 807 3164 ln
822 3100 914 3185 regia
930 3099 1026 3176 Solis,
1040 3099 1073 3162 ii.
1093 3099 1205 3176 2530,
1221 3119 1286 3163 non
1306 3121 1421 3163 aurum
1440 3119 1512 3163 rur·

464 3245 519 3286 sus
541 3220 634 3286 nobis
656 3229 690 3284 et
710 3239 870 3304 pyropum
893 3218 1046 3295 ostendit,
1066 3217 1136 3294 scd,
1157 3228 1196 3283 ut
1214 3239 1380 3302 personas,
1400 3217 1510 3295 Diem,

465 3323 625 3416 Mensem,
641 3338 783 3416 Annum,
800 3336 929 3416 Secula,
950 3337 1071 3417 Horas,
1086 3310 1359 3415 VersAEstatem,
1372 3336 1513 3402 Autum-
1540 3369 1544 3375 ·

465 3481 553 3534 num,
579 3455 738 3522 Hiemem.
791 3455 871 3520 Alos
897 3455 1038 3535 Daedali,
1058 3457 1121 3522 viii.
1148 3455 1221 3534 189,
1247 3455 1390 3520 ostendit
1418 3455 1512 3520 nobis

466 3577 555 3642 suavi
568 3573 773 3640 similitudine
787 3575 993 3660 interposita:
1015 3575 1072 3640 Sic
1085 3575 1207 3640 rustica
1220 3577 1377 3660 qnondam
1386 3575 1514 3639 Fistula

466 3693 649 3780 disparibus
669 3691 831 3778 paularim
854 3691 960 3779 surgit
979 3693 1097 3757 cnm.
1143 3692 1197 3760 De
1220 3715 1302 3778 apro
1321 3691 1513 3777 Calydonio,

340 3852 344 3858 ι
464 3813 530 3876 viii.
546 3811 678 3889 282-97,
694 3821 762 3874 tum
780 3811 913 3887 matt),
933 3809 979 3874 nil
996 3821 1163 3889 memorat,
1182 3812 1243 3877 nisi
1265 3812 1354 3898 quod
1374 3811 1415 3876 ad
1438 3833 1515 3876 con·

466 3929 571 3994 silium
593 3929 752 4012 pertinet,
775 3929 838 3994 hoc
859 3939 920 4008 est,
941 3931 1031 4017 quod
1052 3929 1207 4009 declarat,
1231 3953 1328 4016 quam
1349 3929 1515 3996 horrenda

468 4046 566 4111 fuerit
581 4045 699 4123 bellua,
715 4057 870 4132 qnantum
884 4047 1035 4112 damnum
1049 4047 1193 4114 attulerit
1210 4051 1308 4134 agris,
1324 4058 1358 4114 et
1371 4059 1452 4134 quot
1462 4049 1517 4134 ju·

468 4187 584 4230 venum
606 4185 764 4230 concursu
781 4151 866 4252 opus
883 4165 981 4232 fuerit
1000 4167 1043 4233 ad
1062 4189 1133 4232 eam
1153 4166 1389 4232 debellandam.
1429 4167 1516 4242 sed,

469 4295 507 4348 ut
525 4284 593 4369 jam
607 4283 686 4360 dixi,
701 4295 804 4348 totum
823 4305 952 4351 carmen
969 4283 1126 4371 ejusmodi
1141 4285 1314 4351 luminibus
1329 4287 1516 4352 distinctum

470 4413 649 4494 est31neque
664 4401 746 4465 adeo
758 4390 818 4477 est,
830 4401 918 4485 quod
934 4401 1028 4488 plura
1036 4404 1106 4488 jam
1119 4425 1313 4471 recenseam.

515 4519 624 4584 Etiam
637 4520 670 4583 in
685 4517 863 4602 adfectibus
880 4523 996 4585 mentis
1014 4521 1173 4600 hmnanoe,
1191 4537 1255 4588 tam
1269 4523 1411 4590 motibus
1428 4533 1518 4587 tene·
