3526 6018
404 797 875 865 METAMORPHOSEON
899 797 990 862 LIB.
1015 796 1064 861 II.
1196 799 1259 864 163

213 975 365 1073 Quique
384 973 702 1050 recurvatisludit
721 971 935 1048 Maeandros
954 975 991 1047 in
1010 973 1141 1060 undis;
1184 977 1258 1046 246

213 1092 525 1192 Mygdoniusque
544 1089 680 1178 Melas,
697 1101 736 1164 et
753 1089 945 1164 Taenarius
965 1089 1139 1163 Eurotas,

214 1209 317 1283 Arsit
334 1221 374 1284 et
392 1207 605 1307 Euphrates
625 1206 873 1304 Babylonius,
893 1204 985 1280 arsit
1004 1206 1180 1292 Orontes,

213 1323 530 1422 Thermodonque
561 1323 671 1411 citus,
701 1323 945 1420 Gangesque,
975 1334 1014 1398 et
1044 1322 1194 1408 Phasis
1224 1331 1262 1396 et

366 1442 476 1516 Ister.

216 1557 366 1632 AEstuat
383 1558 573 1657 Alpheos:
603 1557 693 1656 ripae
713 1556 966 1655 Spercheides
985 1558 1133 1646 ardent;
1188 1563 1262 1632 250

217 1673 406 1773 Quodque
424 1698 492 1748 suo
511 1673 638 1770 Tagus
656 1697 766 1746 amne
783 1673 898 1759 vehit,
918 1673 1001 1749 fluit
1017 1673 1181 1771 ignibus,
1197 1699 1262 1748 au-

218 1789 267 1865 Et
278 1817 364 1890 quae
380 1791 562 1867 Maeonias
573 1790 809 1867 celebrhrant
821 1789 988 1865 carmine
1001 1792 1113 1890 ripas,
1144 1793 1261 1886 [rumz

217 1991 717 2058 Bronclrh.adPropertium,II.Eleg.vii.
767 1994 836 2044 Curt.
853 1993 899 2043 VI.
915 2012 939 2042 v.
957 1995 989 2042 21
996 2011 1004 2054 5
1030 1992 1119 2044 Justin.
1136 1991 1162 2042 ii.
1180 1995 1209 2054 43
1235 1993 1268 2042 cl.

218 2067 258 2116 50.
265 2065 307 2131 qui
311 2067 574 2132 flamminterpretatur
583 2066 716 2134 pulchrum.
767 2067 874 2133 Propert.
892 2067 941 2117 III.
962 2066 1031 2132 Eleg.
1050 2066 1091 2115 xii.
1109 2067 1157 2128 163
1181 2067 1266 2118 Seuec.

250 2141 307 2190 246.
336 2141 464 2190 Meandros
483 2140 545 2191 inter
570 2139 670 2206 Lydiam
692 2149 717 2190 at
767 2144 839 2192 Herc.
854 2141 908 2192 I'ur.
924 2143 1039 2192 venato.
1073 2142 1165 2208 Ganges
1178 2141 1265 2198 Indiae,

218 2215 314 2264 Cariam
334 2215 426 2273 defluit,
447 2215 566 2280 habetque
588 2215 663 2264 flexus
683 2215 718 2264 ita
766 2234 780 2268 e
798 2218 899 2276 duobus,
918 2226 967 2276 aut,
984 2227 1011 2266 ut
1027 2216 1135 2284 plerique
1151 2216 1266 2266 Veterum

217 2290 331 2347 sinuosos,
351 2298 378 2338 ut
395 2305 457 2355 supe
477 2304 582 2340 remeare
600 2289 716 2338 videatur.
766 2293 870 2350 tradunt,
899 2301 990 2358 septem
1018 2290 1122 2340 lontibus
1148 2292 1265 2348 exoriens,

218 2363 280 2413 Plin.
289 2364 323 2412 H.
333 2365 366 2414 N.
375 2381 398 2413 v.
407 2365 447 2414 29.
472 2364 544 2414 Tales
553 2373 642 2414 naturae
651 2365 717 2414 lusus
767 2367 840 2416 tacite
850 2367 958 2416 defluens
971 2375 995 2416 et
1008 2366 1033 2414 iu
1046 2380 1111 2414 mare
1122 2365 1231 2414 Rubrum
1242 2381 1267 2414 se

218 2438 322 2504 arripere
335 2436 506 2504 soleutpoetae,
520 2447 592 2502 atque
605 2454 718 2488 exornare
768 2456 908 2490 exonerans:
928 2439 1080 2506 Virgilffin.
1091 2436 1123 2486 ir.
1135 2441 1182 2499 30;
1200 2438 1267 2488 Curt.

217 2528 261 2561 suo
277 2511 356 2562 modo.
373 2512 412 2561 Cl.
429 2513 516 2561 Noster
532 2512 581 2564 viii.
594 2514 639 2562 162
647 2531 654 2574 3
671 2529 718 2578 quo
768 2513 840 2564 VIII.
862 2514 894 2564 ix.
919 2517 952 2574 ⁵5
989 2513 1051 2562 Plin.
1074 2513 1106 2561 vi.
1131 2514 1178 2561 22:
1212 2512 1267 2562 vide

218 2587 271 2635 loco
293 2596 318 2636 et
335 2587 385 2653 ipso
406 2589 483 2636 luders
501 2588 531 2636 de
551 2597 654 2638 tortuom
675 2588 717 2637 illo
768 2589 887 2638 Brouclh.
910 2588 940 2638 ad
963 2588 1069 2654 Propert.
1088 2584 1137 2634 III.
1156 2586 1206 2636 ssi.
1229 2589 1267 2636 16.

218 2677 298 2710 cursu.
319 2663 406 2711 Errare
415 2662 450 2711 sio
457 2661 519 2711 dixit
526 2662 606 2722 Silius,
614 2663 655 2713 vii.
665 2665 718 2714 1³9.
770 2663 858 2720 Phasis,
873 2663 943 2713 hodia
962 2661 1037 2720 Fossa,
1054 2660 1177 2711 Colchidis
1192 2661 1268 2710 amuis

252 2736 310 2785 247.
329 2736 423 2800 Melus]
453 2739 533 2795 Quum
554 2737 633 2802 plures
653 2737 719 2786 fluvii
769 2737 921 2795 clarissimus,
929 2747 953 2787 et
963 2737 988 2787 in
999 2737 1102 2786 Pontum
1112 2736 1268 2787 Euxinumse

220 2809 291 2875 hujus
312 2810 413 2860 nominis
430 2811 524 2868 luerim,
542 2811 664 2876 disputant
683 2811 719 2860 in·
769 2813 905 2862 immittens.
929 2811 1022 2868 Strabo,
1037 2810 1070 2860 ir.
1083 2827 1108 2876 p.
1121 2811 1185 2871 001;
1202 2811 1269 2862 Curt.

221 2893 345 2950 terpretes,
361 2885 415 2951 quis
431 2887 455 2935 h.
466 2887 483 2935 l.
497 2885 666 2951 intelligendus
681 2887 719 2935 sit.
771 2887 816 2936 VI.
828 2905 850 2935 v.
862 2888 903 2936 25.
938 2885 994 2934 Istri
1010 2899 1096 2934 nomeu
1112 2883 1169 2933 olim
1186 2885 1270 2936 habuit

221 2959 336 3008 Heinsius
346 2960 668 3018 coutendit‚esseMeletem,
680 2963 721 3026 qui
771 2977 818 3010 non
835 2960 911 3009 omnis
931 2959 1066 3016 Danubius,
1085 2959 1127 3008 sed
1144 2958 1208 3018 iude,
1228 2960 1268 3010 ubi

221 3034 345 3099 Smyrnam
356 3035 502 3102 preterfluit.
525 3035 642 3101 Equidem
652 3034 721 3085 intel·
772 3035 906 3084 Germanire
917 3035 975 3084 fines
985 3032 1081 3084 deserit.

222 3107 270 3172 ligo
284 3107 426 3158 Thracicum
443 3109 538 3160 Melana
546 3127 555 3168 ,¹
570 3109 633 3159 Plio.
644 3111 677 3159 H.
688 3111 721 3159 N.
802 3111 859 3160 250.
876 3108 993 3172 Alpheos]
1013 3107 1163 3174 DeAlpheo,
1174 3107 1228 3157 vide
1240 3109 1270 3158 ad

221 3182 253 3229 iv.
265 3182 311 3242 ll;
328 3199 384 3231 nam
402 3185 535 3248 Mygdorrss,
553 3183 595 3249 qui
611 3184 721 3250 Phrygiae
771 3184 813 3234 lib.
823 3201 846 3232 v.
854 3185 917 3244 487;
928 3183 959 3232 de
971 3183 1087 3245 Sparthos,
1096 3182 1126 3231 ad
1137 3181 1204 3250 lib.i.
1214 3183 1270 3234 579.

221 3265 313 3322 partem
332 3257 474 3316 incolebant,
489 3259 559 3324 eique
577 3274 662 3308 nomeu
680 3259 721 3308 de·
773 3260 837 3322 λέγω
847 3259 899 3324 ejus
911 3259 1003 3326 populis
1013 3258 1110 3306 consite
1120 3265 1195 3308 erant.

222 3331 315 3388 derant,
325 3332 428 3382 Thracia
438 3333 531 3383 ouandi
542 3341 616 3382 erant.
640 3335 723 3383 Strabo
804 3335 860 3383 251.
886 3333 985 3400 Tagus]
1018 3331 1116 3380 Florius
1139 3330 1270 3398 Hispanias,

223 3407 263 3456 vii.
273 3425 299 3473 p.
308 3409 369 3470 2953
389 3408 430 3458 xii.
441 3425 465 3474 p.
474 3411 531 3460 575.
566 3410 673 3466 Eurotas,
682 3409 723 3458 ho·
772 3423 856 3458 aureas
873 3408 962 3457 vehens
979 3423 1069 3464 amnas,
1086 3423 1140 3471 quar
1159 3415 1216 3456 tuuc
1235 3405 1272 3455 in·

223 3481 262 3531 die
285 3481 456 3546 Basilipctumo,
475 3483 561 3533 fluvius
581 3499 681 3548 magnus
700 3493 725 3532 et
773 3482 857 3532 cendio
878 3483 1052 3548 liquescebant.
1092 3481 1158 3529 Fluit
1179 3499 1283 3530 aunum..

224 3556 360 3614 vehemens,
374 3557 414 3622 qui
428 3558 537 3624 Spartam
553 3556 726 3624 praeterlabitur
774 3557 826 3606 Hoc
846 3573 940 3624 quoque
960 3557 1014 3606 leve
1032 3565 1068 3606 est
1085 3555 1110 3604 iu
1128 3557 1173 3604 hac
1193 3571 1273 3612 narra·

223 3639 248 3678 et
258 3647 306 3679 non
316 3631 507 3695 proculanobili
517 3631 558 3680 illo
569 3630 725 3697 promontorio
774 3630 847 3688 tione,
867 3639 892 3680 at
912 3630 975 3696 quod
999 3629 1113 3696 sequitur,
1133 3629 1164 3678 de
1190 3631 1273 3695 cygnis

228 3705 339 3764 Terror-lo,
348 3705 418 3755 hodie
430 3707 550 3769 Metopon,
558 3706 583 3755 in
593 3705 670 3754 sinum
679 3707 724 3755 La·
773 3705 918 3754 calentibus.
1073 3747 1076 3752 .

225 3779 334 3827 conicum
343 3788 491 3829 monentur.
806 3781 863 3829 252.
881 3777 1094 3844 Maenius,Lydias
1102 3778 1196 3842 Caystri
1205 3780 1275 3842 ripas,

256 3853 315 3900 240.
333 3851 480 3916 Euphrates]
500 3853 607 3901 Vocatur
616 3869 670 3901 mox
682 3854 724 3901 At·
774 3851 870 3902 Callim.
888 3854 911 3900 h.
929 3853 986 3902 Del.
1001 3854 1058 3902 250.
1077 3851 1147 3917 cycni
1164 3851 1276 3902 dicuntur

224 3930 309 3989 syrius,
326 3936 376 3982 aut,
390 3935 416 3975 ut
433 3927 458 3976 h.
471 3925 488 3974 l.
503 3926 650 3990 Babylonius.
677 3927 724 3976 Ba·
777 3928 899 3976 Maenium
911 3928 1032 3977 Pactolum
1042 3925 1172 3993 reliqulsse.
1207 3927 1276 3975 Meo·

224 4001 347 4066 bylouiam
373 4017 423 4058 nou¹
444 4001 521 4051 solum
542 4001 662 4066 irrigabat,
683 4002 725 4052 sed
775 4004 816 4051 nio
833 4002 896 4051 enim
910 4019 964 4069 pars
979 4001 1083 4069 superior
1094 3992 1176 4066 L'ydire
1187 4003 1212 4051 in
1227 4018 1276 4070 qua

225 4075 282 4124 limo
296 4075 462 4141 enumquam
476 4092 556 4126 secum
570 4077 668 4135 ferebat,
679 4078 724 4126 lsr-
775 4077 872 4127 Tmolus
886 4085 911 4127 et
929 4078 980 4127 lons
997 4077 1106 4143 Caystri:
1129 4076 1184 4126 vida
1201 4077 1276 4143 Spau-

225 4149 291 4199 tileur
300 4149 495 4201 reddebat:vide
506 4150 602 4201 Callim.
611 4150 636 4200 b.
644 4151 726 4215 Apoll.
777 4150 840 4201 hem.
857 4149 1186 4202 adCallimach.dictoloco.
1218 4152 1275 4200 Cor·

226 4226 379 4286 rar.108s.;
397 4225 477 4292 ibique
487 4225 577 4291 Spauh.
588 4224 640 4274 Cic.
652 4225 685 4274 N.
693 4225 726 4274 D.
777 4229 844 4284 mins,
861 4235 941 4284 cautu,
957 4232 984 4275 ut
995 4243 1019 4274 x.
1036 4227 1097 4276 ⁴53=
1116 4227 1148 4276 cl.
1162 4243 1185 4276 r.
1199 4227 1248 4276 ato
1257 4243 1277 4276 s.

225 4299 309 4360 ἰί.52;
334 4299 402 4352 Curt.
412 4300 445 4350 V.
464 4299 480 4350 i.
491 4302 519 4350 12
535 4315 587 4366 sqq.
622 4300 725 4356 Ornatur,
779 4301 897 4349 Celebrate
915 4302 1023 4358 curatius,
1041 4299 1176 4366 trequentes
1193 4309 1277 4349 cautus

226 4373 298 4422 hodie
313 4375 362 4431 Asi,
379 4375 465 4425 fluvius
481 4374 564 4440 Syrie,
575 4372 728 4424 Antiochiam
778 4389 898 4424 exercere.
947 4373 1039 4424 Cantus
1065 4391 1121 4424 vero
1149 4375 1276 4440 cye'norum

227 4449 397 4512 praeterfluens.
779 4449 848 4514 longe
870 4448 1023 4500 suavissimus
1049 4448 1277 4515 perhibetur,‚unde

259 4522 318 4572 249.
337 4522 483 4579 Thermodon,
501 4521 587 4570 lluvius
601 4521 728 4588 Cappado-
779 4524 830 4571 huc
848 4523 899 4572 avis
917 4522 1024 4589 Apollini
1042 4539 1109 4573 sacra
1126 4532 1151 4572 et
1168 4521 1278 4588 μελῳδὸς

226 4596 280 4652 eiae,
299 4597 370 4662 juxta
391 4613 461 4662 quem
480 4595 613 4645 Amazones
634 4595 727 4646 babita-
778 4596 852 4646 dicta.
874 4597 1022 4648 Dubitlrunt
1043 4606 1123 4648 tamen
1146 4597 1196 4663 jam
1216 4597 1278 4646 inter

225 4669 726 4736 bantinsubjectisThemiscyriitcampis:
779 4671 879 4722 Veteres
899 4671 1015 4728 nonnulli,
1033 4689 1056 4721 v.
1072 4687 1094 4722 c.
1113 4671 1202 4721 AElian.
1219 4671 1277 4722 Var.
