3552 5984
388 795 456 862 DE
480 793 647 862 OPERE
671 792 1165 860 METAMORPHOSEON.
1233 792 1301 856 xlix
1325 819 1327 824 ’

188 938 199 950 ¹
247 967 289 1032 de
312 969 510 1032 ornamentis
526 965 720 1052 templorum
741 965 952 1033 Deucalionis
971 975 1067 1030 oetate
1087 963 1242 1048 loquitur,
1263 974 1301 1028 ut

247 1083 289 1149 de
304 1107 364 1151 suo
380 1097 536 1170 tempore.
575 1083 686 1180 Serius
701 1085 798 1149 etiam
813 1084 1012 1159 acciderunt,
1023 1105 1096 1167 quas
1110 1081 1155 1145 iii.
1167 1082 1241 1158 559,
1257 1081 1300 1148 dc

244 1201 376 1267 Acrisio
399 1213 563 1268 memorat.
610 1201 686 1267 dam
711 1199 888 1266 Pandionis
919 1191 1064 1286 tempore
1095 1199 1298 1276 Corinthum,

245 1319 286 1383 vi.
303 1321 380 1398 416,
400 1321 533 1385 nobilem
553 1337 622 1385 rere
638 1331 744 1397 vocat,
767 1331 864 1405 atque
880 1341 944 1386 ver.
967 1317 1202 1396 taanthenis
1225 1328 1299 1383 ante

246 1435 379 1502 Thesea
393 1461 499 1502 muros
513 1438 641 1516 tribuit;
665 1439 844 1524 eodemque
859 1449 1006 1523 tempore
1024 1448 1057 1502 et
1072 1437 1220 1502 convivas
1235 1435 1299 1500 dis·

216 1605 228 1633 -,
245 1557 432 1634 candentes,
443 1558 507 1622 viii.
526 1559 601 1634 565,
617 1559 671 1624 xii.
692 1560 763 1636 155,
779 1559 883 1644 fingit.
922 1556 1091 1622 Interdum
1106 1565 1213 1620 tamen
1228 1550 1299 1618 dili·

245 1677 374 1759 gentius
393 1676 517 1754 scribit,
532 1686 579 1755 ut,
596 1678 628 1742 ii.
648 1677 724 1753 219,
744 1678 878 1748 madum
897 1675 1058 1762 OEagrius
1077 1671 1232 1746 Hamus,
1254 1669 1297 1733 vi.

245 1792 318 1871 415,
334 1793 485 1858 Nondum
503 1803 602 1860 torace
621 1795 768 1880 Calydon
782 1796 885 1860 innisa
899 1794 1042 1867 Diana,-
1056 1813 1122 1856 ver.
1139 1791 1214 1872 418,
1230 1787 1298 1852 Ne-

245 1933 304 1995 que
322 1912 428 1976 adhuc
444 1911 589 1978 Pittheia
617 1914 758 1978 Troeaen.
795 1910 1034 1996 Mythologiam
1057 1921 1090 1974 et
1109 1929 1217 1974 rerum
1240 1929 1297 1970 na·

245 2039 348 2094 turam
363 2052 594 2118 nonnunquam
610 2031 789 2096 confundit.
827 2031 978 2108 Triones,
992 2029 1198 2094 Phaethonte
1210 2025 1295 2122 Solis

244 2169 373 2212 cunum
395 2159 526 2234 agente,
544 2160 681 2236 tentant,
702 2151 733 2214 11.
761 2152 833 2228 172,
855 2150 951 2216 actito
969 2171 1098 2235 aquare
1117 2145 1231 2232 tiamsi,
1250 2155 1295 2221 et,
1319 2221 1322 2228 ,

244 2287 308 2330 ser.
325 2267 401 2343 530,
417 2267 546 2334 demum
559 2266 649 2333 duno
664 2267 729 2332 hoc
748 2269 936 2354 impetrisse
950 2266 1082 2351 legitur,
1097 2275 1134 2329 ut
1148 2267 1295 2329 vetaren-

244 2393 295 2446 tur
308 2383 425 2469 tingui.
461 2385 541 2450 Ver.
558 2387 633 2462 253,
650 2383 742 2472 cycni
756 2384 920 2452 calescunt
935 2387 968 2450 in
984 2385 1133 2469 Caystro,
1149 2394 1184 2448 et
1196 2379 1294 2468 paulo

243 2501 356 2576 senus,
373 2525 438 2568 ver.
460 2504 536 2580 377,
559 2503 688 2589 Cycnus
704 2527 763 2570 rex
785 2505 825 2570 fit
842 2528 924 2570 nova
943 2505 1011 2569 avis
1031 2503 1130 2590 hujus
1147 2501 1293 2566 nominis.

244 2618 364 2686 Peccat
379 2620 518 2688 Ovidius
533 2625 696 2690 interdum
710 2634 743 2690 et
763 2626 796 2690 in
811 2624 966 2710 physicis,
981 2635 1018 2688 ut
1032 2644 1142 2708 quum,
1157 2621 1200 2684 111.
1217 2619 1293 2695 675,

241 2739 398 2824 deiqslrinis
411 2763 563 2828 squamas
577 2744 701 2808 tribuit.
731 2744 966 2829 Repetitionem
976 2741 1122 2827 ejusdem
1132 2738 1224 2804 verbi
1236 2749 1293 2802 aut
1338 2753 1345 2765 ·
1367 2766 1371 2776 ·

241 2853 434 2922 hemistichii
456 2870 514 2924 aut
532 2860 650 2946 integri
667 2883 779 2926 versus
799 2862 887 2926 vario
909 2861 1006 2926 modo
1023 2860 1177 2946 adfectat,
1193 2877 1294 2942 quan-

240 2997 336 3058 quam
350 2978 384 3041 in
396 3000 436 3042 eo
451 2979 612 3044 interdurn
624 2981 670 3044 vis
682 2979 789 3064 aliqua
800 2991 856 3046 aut
870 2982 971 3046 virtus
985 2980 1145 3046 inest—i.
1161 2977 1221 3044 33:
1244 2999 1293 3042 se·

239 3095 315 3171 cuit,
325 3105 516 3181 sectamque.
541 3097 621 3162 Ver.
637 3099 711 3163 142ι
721 3101 930 3186 prodieram
937 3099 1052 3186 prodit
1063 3098 1186 3162 baliam.
1209 3094 1289 3160 Ver.

241 3215 319 3278 158:
343 3215 515 3281 incaluisse
526 3217 653 3302 sanat,
670 3218 877 3303 calidamque.
916 3216 997 3282 Ver.
1013 3216 1078 3282 206
1097 3238 1186 3301 sqq.:
1210 3237 1292 3280 corn·
1335 3192 1344 3209 ⁶

231 3334 536 3419 pressit—pressas.
583 3315 662 3400 Ver.
679 3335 762 3399 ota:
786 3335 913 3399 Naides
931 3335 1093 3422 ignorant,
1108 3335 1238 3421 ignorat
1260 3342 1292 3398 et

238 3451 380 3516 Inachus
393 3453 473 3538 aare.
520 3452 600 3518 Ver.
617 3453 681 3520 643
691 3477 699 3516 ε
709 3462 840 3539 patrem
854 3452 1009 3538 sequitur,
1024 3453 1227 3538 sequiturque
1240 3474 1291 3516 so·

239 3571 416 3634 rores—ii.
433 3571 515 3636 399:
538 3573 650 3638 savit:
662 3573 763 3638 Saait
771 3573 937 3637 enim—v.
958 3573 1014 3636 15:
1031 3573 1197 3636 deserum
1214 3593 1292 3634 suas

238 3685 401 3772 Nympha
423 3689 528 3752 cineta
551 3688 687 3773 Tymoli,
703 3689 886 3754 Deseruere
906 3713 983 3754 suas
996 3690 1158 3774 Nympha
1173 3689 1292 3752 Pacto-

238 3803 317 3868 lides
335 3807 535 3870 undas-vi.
548 3808 630 3872 419:
654 3809 796 3894 Quaque
810 3810 904 3874 arbes
917 3810 993 3874 adia
1008 3809 1123 3874 bimari
1141 3809 1291 3874 adsudan-

239 3929 288 3986 iar
300 3923 345 3987 ab
358 3923 492 4002 Isthmo,
508 3925 727 4013 Eateriusqne
736 3928 809 3992 sita
823 3927 938 3992 bimari
951 3937 1136 4014 spectantur
1148 3927 1191 3992 ab
1205 3927 1291 3992 Istla-

240 4035 506 4107 no.-viii.'628=
525 4044 620 4110 Mille
634 4046 742 4110 domos
760 4045 882 4130 adiere,
897 4046 998 4112 locum
1018 4046 1217 4132 requiemque
1229 4067 1290 4130 pe·

241 4165 359 4222 unas:
378 4159 476 4224 Mille
497 4161 605 4226 domos
624 4163 767 4228 clausere
786 4165 942 4229 serta-i.
959 4165 1041 4230 325:
1058 4165 1106 4230 Et
1124 4187 1290 4258 superesse

242 4273 321 4340 uidet
340 4277 381 4340 de
399 4285 447 4340 tot
465 4279 556 4342 mado
570 4280 708 4345 millibus
728 4305 830 4360 unum,
847 4283 896 4348 Et
909 4305 1073 4368 samareae
1088 4285 1173 4349 uidet
1189 4287 1229 4350 de
1243 4294 1289 4350 tot

241 4394 326 4458 modo
340 4394 478 4460 millibus
492 4399 682 4464 anam-iv.
699 4400 775 4476 306,
790 4401 829 4464 9:

314 4525 450 4598 Salmaci,
463 4517 511 4590 rel
520 4531 661 4608 jactuum,
675 4532 723 4592 val
736 4533 829 4613 pictas
842 4554 923 4594 sume
936 4536 1103 4615 pharetras;

316 4635 357 4697 Et
371 4647 423 4698 tua
435 4659 501 4698 cum
515 4639 595 4701 duris
607 4642 760 4702 venatibus
772 4644 832 4702 otia
843 4645 939 4704 misce.

285 4765 356 4812 von.
373 4769 424 4815 ιιι.
1008 4781 1030 4842 g
