3468 5994
431 799 903 870 nnrnuoltrflosuorr
926 797 1018 866 L'IB.
1041 797 1085 866 V.
1220 799 1298 868 :³61

237 976 428 1052 Sicaniam
446 975 605 1076 repetit;
634 977 802 1075 dumque
819 975 947 1050 omnia
962 975 1098 1049 lustrat
1111 975 1248 1064 eundo,

234 1093 353 1168 Venit
369 1093 473 1169 etad
492 1091 675 1191 Cyanen:
704 1117 761 1178 ea,
777 1092 816 1166 ni
833 1100 979 1168 mutata
992 1090 1127 1166 fuisset
1210 1096 1284 1168 465

235 1210 378 1285 Omnia
395 1210 606 1296 narrassem
637 1209 704 1283 sed
722 1218 762 1282 et
778 1233 833 1296 os,
849 1207 1032 1304 etlingua
1047 1206 1186 1281 volenti

237 1327 469 1403 Dicerenon
486 1327 654 1414 aderant,
666 1350 750 1414 nec,
766 1349 842 1422 quo
860 1326 1089 1422 loqueretur,
1105 1325 1282 1400 habebat.

239 1443 358 1542 Signa
374 1453 501 1520 tamen
518 1441 718 1524 manifesta
734 1442 861 1530 dedit;
890 1451 1094 1538 notamque
1110 1443 1271 1541 parenti,

237 1559 310 1634 Illo
328 1559 422 1637 sorte
440 1559 524 1634 loco
541 1559 735 1658 delapsam
753 1557 899 1655 gurgite
916 1579 1036 1642 sacro,
1281 1563 1284 1570 '

237 1675 502 1775 Persephones
518 1699 650 1750 zonam
664 1673 821 1749 summis
835 1672 1001 1748 ostendit
1013 1672 1052 1746 in
1068 1670 1192 1746 undis.
1210 1676 1287 1747 470

238 1791 363 1878 Quam
379 1792 489 1867 simul
504 1791 668 1890 agnovit,
679 1801 861 1889 tanquam
873 1800 955 1864 tum
965 1788 1129 1887 denique
1139 1798 1287 1890 raptam

240 1907 399 1995 Selsset,
415 1907 609 1983 inornatos
625 1906 780 1982 laniavit
798 1906 896 1981 Diva
911 1905 1091 2005 capillos3

240 2023 292 2100 Et
309 2025 471 2124 repetita
483 2025 561 2100 suis
579 2024 767 2125 percussit
778 2034 933 2124 pectora
945 2022 1094 2123 palmis'.
1115 2023 1285 2119 [omnes·;

238 2141 276 2215 N
278 2167 324 2218 ec
350 2143 423 2217 scit
448 2143 585 2232 adhuc,
610 2143 675 2218 ubi
701 2143 772 2233 sit;
808 2152 927 2216 terras
957 2149 1086 2215 tamen
1116 2139 1287 2240 increpat

240 2258 491 2358 Ingratasque
507 2270 630 2348 vocat,
650 2285 722 2336 nee
739 2259 888 2357 frugum
905 2280 1060 2332 munere
1077 2256 1224 2353 dignas,

190 2447 195 2462 ,
239 2375 471 2451 Trinacriam
490 2388 578 2454 aute
597 2378 702 2466 alias
721 2379 761 2452 in
778 2401 855 2475 qua
871 2373 1031 2471 vestigia
1044 2373 1172 2448 damni
1213 2376 1287 2447 476
1345 2459 1347 2464 ,

241 2491 449 2592 Repperit:
478 2518 567 2591 ergo
585 2494 662 2568 illic
681 2490 980 2568 saevauertentia
997 2490 1128 2587 glebas

241 2607 372 2705 Fregit
389 2619 514 2686 aratra
530 2634 666 2700 manu;
694 2608 879 2710 parilique
897 2607 995 2681 irata
1011 2607 1165 2680 colonos

240 2723 518 2822 Ruricolasque
536 2728 651 2801 boves
669 2727 745 2799 leto
763 2723 888 2814 dedit;
918 2746 1081 2820 arvaque
1094 2720 1211 2819 jussit

240 2837 387 2916 Fallere
404 2841 632 2942 depositum,
650 2841 856 2940 vitiataque
874 2839 1019 2914 semina
1035 2838 1138 2914 fecit.
1216 2841 1291 2914 480

272 3108 332 3158 467.
345 3109 428 3158 Dicere
438 3109 611 3174 tonderent]
629 3109 740 3177 Neinap·
824 3111 882 3160 473.
899 3109 1013 3173 Repetit]
1032 3107 1104 3168 Vide,
1118 3109 1151 3159 ir.
1165 3109 1226 3158 73³:
1247 3109 1292 3158 Ter

240 3191 272 3232 te
289 3182 425 3248 tautologia
439 3199 494 3234 rens
507 3185 539 3234 eit
553 3183 663 3242 Ovidius,
673 3183 741 3234 Seni-
791 3194 873 3249 quater
893 3186 966 3250 exegit
990 3184 1087 3248 repetite
1112 3184 1217 3247 perfetta
1235 3184 1291 3249 fer-

180 3263 184 3268 '
239 3256 427 3306 rachinnadtunt
437 3257 742 3325 interpretatur,tdjuvant,
791 3276 854 3309 mm.

239 3339 267 3380 nt
278 3332 376 3382 verbnm
386 3333 526 3382 murittum
536 3333 560 3382 h.
569 3333 587 3383 l.
598 3333 629 3382 sit
639 3349 654 3382 e
663 3343 742 3400 petro-
823 3335 881 3384 476.
901 3333 1009 3398 Vangio,
1021 3346 1104 3381 nonem
1115 3338 1143 3380 ut
1152 3331 1231 3390 modo,
1239 3347 1291 3384 rer·

240 3406 279 3456 nie
295 3421 429 3464 otmarum,
444 3406 485 3471 qui
503 3407 576 3456 verbe
593 3406 685 3456 leniunt
700 3422 742 3472 pro
791 3423 819 3458 sn
835 3409 894 3458 tta.
906 3407 978 3474 Signo
993 3417 1067 3456 tomen
1082 3405 1204 3473 manifesto
1221 3410 1293 3466 dedet,

239 3481 293 3530 reis.
325 3481 381 3530 Non
397 3489 478 3531 tamen
493 3497 554 3548 opus
568 3480 740 3532 estillninter·
791 3491 839 3532 ete.
872 3483 969 3538 Damni,
988 3481 1043 3530 filie
1060 3479 1169 3543 emisam
1193 3481 1234 3532 xii.
1254 3484 1293 3534 lo

239 3555 379 3621 pretatione.
406 3556 506 3604 Sensus:
518 3555 571 3606 Nee
581 3554 742 3605 aliudinetru·
791 3565 886 3605 matrem
904 3558 992 3604 atreum
1008 3572 1050 3604 tuo
1069 3557 1154 3604 domna
1170 3557 1291 3606 muntem.

240 3639 349 3678 mentum
356 3630 519 3695 habebatque
528 3647 609 3680 vocem
617 3629 743 3680 emitteret.
791 3632 847 3681 ,lam
865 3630 932 3680 nevit
947 3629 973 3678 in
989 3637 1083 3687 terram,
1100 3637 1135 3686 ut,
1144 3628 1170 3678 ii.
1185 3629 1293 3680 Phoebne

274 3704 333 3752 470.
362 3704 512 3767 Persephones
532 3721 626 3763 wacon,-
652 3720 743 3754 exona
791 3707 817 3757 in
827 3721 902 3772 equor
912 3705 1008 3762 solares,
1020 3713 1045 3754 et
1054 3713 1082 3752 ut
1095 3702 1137 3752 ille
1150 3711 1244 3753 recusat
1252 3720 1291 3755 so·

240 3787 334 3843 reperta
354 3778 427 3828 Cerea
447 3777 540 3836 didicit,
561 3777 595 3828 ibi
619 3779 743 3831 evanuisse
792 3781 839 3830 lem
850 3779 940 3829 diutius
950 3777 1046 3835 vehere,
1057 3777 1092 3826 rie
1106 3791 1169 3826 nunc
1183 3785 1209 3826 et
1219 3778 1293 3828 Ceres

240 3851 324 3901 filiam.
349 3851 434 3917 Itaque
443 3851 627 3918 lentipersigna
636 3851 743 3917 loquenti
792 3855 884 3905 muneri
900 3870 943 3904 eno
959 3853 1034 3902 deest.
1066 3851 1146 3901 Etiam
1161 3849 1187 3899 in
1204 3850 1293 3916 hymno

239 3925 286 3976 hoc
314 3925 429 3976 indicium
453 3925 573 3976 tribuitur.
607 3927 685 3976 Aliter
710 3927 742 3976 de
792 3929 865 3978 Hom.
875 3930 923 3978 ³05
933 3944 1000 3993 seqq.
1012 3927 1063 3993 ejus
1072 3933 1098 3974 et
1113 3926 1236 3976 rnoerentis
1246 3927 1293 3976 lili-

240 4002 328 4066 Cyene
343 4000 518 4052 Claudianiii.
533 4003 591 4052 255.
626 4001 689 4050 Zona
705 4017 742 4050 no-
792 4011 866 4052 emet
875 4001 998 4051 irascentis
1008 3999 1063 4051 lori
1075 3999 1155 4066 eulpa,
1165 4001 1292 4052 terra-nul·

240 4077 292 4125 luta
303 4085 329 4124 et
337 4075 433 4132 emissa,
439 4074 560 4141 proprium
570 4075 686 4125 indicium
697 4075 742 4125 vir·
791 4077 828 4126 lae
838 4076 883 4125 lert
898 4076 987 4140 fruges,
1000 4073 1156 4138 agricolarum
1165 4071 1232 4122 labor
1241 4074 1294 4124 irri-

240 4150 391 4217 ginienptte
402 4159 428 4200 et
436 4150 558 4200 delibata.
592 4151 743 4215 Hielegnttu
791 4159 830 4199 tna
845 4157 889 4206 est,
904 4163 1035 4214 parumque
1052 4149 1126 4205 abest,
1142 4145 1201 4212 quin
1218 4165 1294 4214 genu·

241 4225 307 4291 qnod
321 4225 395 4274 habet
405 4223 519 4274 Firminus
535 4223 566 4273 de
580 4224 667 4274 nntico
683 4241 742 4289 quo·
792 4224 921 4273 humanum
939 4222 1002 4272 lame
1020 4231 1110 4289 pereat
1138 4222 1177 4274 Cl.
1194 4223 1294 4278 Diodor.

241 4299 307 4357 dm,
317 4297 358 4348 cui
372 4307 466 4364 propter
483 4297 578 4348 divitiae
595 4298 684 4348 Pluton
697 4298 743 4348 luit
793 4297 840 4348 Sic.
851 4315 876 4347 v.
888 4301 912 4348 5.

242 4390 338 4430 nomen,
355 4381 449 4438 raptore
470 4373 629 4439 Proserpina
645 4373 696 4438 qui,
714 4389 745 4422 ne
827 4373 885 4421 478.
904 4373 1026 4435 Par-ilique
1040 4371 1124 4436 irate]
1144 4371 1179 4420 Ut
1191 4370 1293 4437 fregerat

229 4447 430 4516 *prehenderetur
443 4447 561 4498 aCereris
571 4463 644 4498 manu
654 4455 745 4497 armeta
794 4456 880 4504 artua,
891 4445 926 4496 sio
939 4449 1028 4508 pariter
1041 4445 1159 4495 interfecit
1176 4447 1292 4511 agricolas

241 4523 320 4590 ipsum
331 4523 481 4588 insequente,
492 4522 630 4572 vehiculum
639 4521 689 4588 egit
702 4538 744 4588 per
794 4531 818 4572 et
835 4531 915 4572 tauros
935 4520 1043 4570 labanum
1063 4519 1151 4570 nodos:
1169 4519 1195 4568 in
1213 4522 1293 4580 omnh

196 4632 200 4646 .
242 4599 349 4648 tridium
361 4597 441 4647 muni
451 4598 563 4662 Pergtun,
573 4595 679 4662 inibique
688 4613 743 4665 per·
793 4595 906 4646 seviebat
916 4595 982 4661 grain
993 4595 1069 4646 furore
1079 4595 1179 4661 percite.

243 4673 347 4732 iitcurn
357 4671 603 4738 virginetubmerrue.
826 4669 1135 4733 480.Follrredepoettum.]
1150 4667 1293 4736 Depositum
