3512 6010
431 795 903 892 tht'I'AMORPHOSEON
928 795 1019 864 LIB.
1044 797 1072 862 1.
1212 800 1276 866 lut

230 973 317 1049 Sole
343 986 451 1050 setus
473 971 687 1058 Phaethon,
706 986 834 1069 quem·
847 972 1039 1070 quondam
1059 996 1197 1071 magna
1221 974 1276 1048 lo-

377 1101 570 1190 quentem,
1204 1097 1273 1168 751

228 1207 262 1282 N
265 1231 309 1281 ec
328 1207 402 1282 sibi
419 1206 632 1294 cedentem,
649 1204 873 1304 Phoehoque
888 1218 1043 1305 parente
1058 1210 1275 1307 superbum,

229 1323 263 1396 N
265 1348 314 1397 on
325 1324 413 1398 tulit
425 1323 639 1411 IneehideS,
653 1330 677 1360 “
690 1320 895 1420 Matrique,
907 1323 972 1412 eit,
984 1323 1111 1399 omnia
1120 1325 1277 1402 demens

228 1440 363 1514 Credis
378 1467 388 1530 3
417 1451 456 1516 et
473 1465 515 1516 ee
532 1438 700 1516 tumidus
718 1439 896 1536 genitoris
915 1440 1077 1539 imagine
1095 1441 1217 1517 felsi.'’

228 1555 390 1631 Erubuit
406 1555 620 1643 Phaethon,
636 1557 806 1654 iramque
824 1558 967 1656 pudore
985 1559 1181 1658 repressit:
1204 1564 1277 1639 755

228 1671 278 1748 Et
293 1674 381 1749 tulit
397 1674 446 1749 ed
464 1673 678 1772 Clymenen
696 1673 847 1774 Epaphi
864 1676 1035 1751 convicio
1052 1688 1222 1752 matrem.

229 1790 424 1891 “Quoque
440 1791 561 1888 magis
575 1791 716 1878 doleas,
729 1789 905 1888 genitrix,
919 1792 982 1878 ait,
997 1792 1062 1866 ille
1079 1817 1150 1890 ego
1168 1794 1276 1884 liber,

230 1906 298 1983 lile
314 1907 421 1984 ferox
438 1907 539 1984 tacui
553 1935 562 1984 ε
590 1907 710 2008 pudet
727 1909 809 1982 haec
827 1908 1029 2008 opprobria
1045 1909 1155 1986 nohis

230 2141 371 2200 unctoribus,
381 2143 424 2209 qni
437 2151 539 2200 exstent,
554 2159 608 2194 eern
625 2143 727 2210 repetie-
779 2143 828 2194 0d.
844 2143 870 2194 ii.
888 2145 929 2196 75.
945 2143 986 2194 Cf.
1004 2153 1030 2194 et
1046 2142 1129 2211 Eurip.
1144 2145 1228 2210 fragm.
1245 2144 1281 2195 iii.
1332 2177 1334 2182 -

230 2225 282 2264 runt
297 2217 399 2266 Aristot.
418 2217 449 2267 de
465 2217 625 2276 hdirnbihbue,
641 2234 663 2267 n.
681 2219 729 2278 023
779 2219 894 2282 AEqrtolir.
910 2217 952 2267 vii.
962 2220 1019 2268 658.
1033 2235 1099 2281 purae
1110 2221 1280 2270 nnnienrriorir·

231 2290 308 2356 Apoll.
321 2291 370 2340 ltu.
384 2290 484 2358 Argiv.
494 2293 543 2344 597
553 2309 608 2359 eqq.
630 2293 728 2342 Lueret.
778 2310 829 2357 que.
861 2295 960 2350 Ammo,
969 2291 1053 2358 epiritu
1063 2299 1088 2343 et
1097 2294 1217 2359 superbit.

230 2383 251 2413 v.
274 2367 423 2426 897-405;
447 2367 534 2418 hinnit
558 2369 576 2417 i.
601 2363 649 2418 73³
674 2385 728 2436 sqq.
812 2369 868 2418 751.
887 2368 976 2434 Magno
991 2367 1071 2433 loqui]
1090 2369 1279 2434 Μεγαλαυχεῖν.

231 2440 458 2505 Hygin.ieb.16·h
472 2441 730 2504 carentinorum
779 2443 971 2509 μεγαληγορεῖν,
1008 2443 1111 2509 gloriari,
1145 2444 1280 2509 euperbire:

232 2517 327 2566 lucian.
341 2515 431 2568 Antrot.
441 2527 459 2566 t.
471 2535 494 2568 v.
505 2533 528 2584 p.
540 2519 597 2567 22³.
611 2527 636 2567 et
650 2517 730 2584 eopio-
780 2517 836 2567 vide
852 2517 884 2567 ed
900 2519 986 2568 intr.
1019 2519 1219 2584 „iuvenemquum
1233 2520 1282 2570 mie

229 2590 276 2640 einr
292 2591 317 2640 in
337 2591 403 2640 Dinl.
420 2593 494 2642 Deor.
512 2595 554 2644 2⁵.
574 2593 616 2642 nbi
635 2592 731 2658 Jupiter
781 2591 887 2642 nondum
904 2592 1038 2642 incinuere
1049 2591 1183 2652 virtutibue,
1195 2593 1226 2644 de
1239 2611 1281 2660 ge-

230 2663 365 2731 Apollinem
388 2665 503 2733 increpet,
525 2665 589 2732 quod
612 2663 731 2733 insipienti
781 2667 977 2718 nerienobilitete
989 2667 1102 2718 rixentur.

231 2739 491 2807 edoieseentuioequoe
504 2739 593 2790 enims
607 2740 731 2790 commiee-
815 2742 872 2791 752.
904 2741 953 2791 Nee
980 2744 1023 2790 riti
1047 2740 1182 2805 cedentem]
1216 2743 1282 2801 Quin

230 2814 273 2862 rit:
284 2813 405 2880 inquibus
416 2815 493 2866 multe
503 2815 731 2866 Ovidienieeimilie.
781 2816 875 2866 Phoebo
891 2825 958 2882 petre
971 2817 1025 2866 Deo
1042 2823 1112 2866 netur
1127 2824 1200 2874 emet,
1211 2833 1280 2882 equo

231 2887 307 2937 Priore
324 2888 378 2940 loeo
392 2889 491 2940 Lunien.
503 2889 634 2958 contendit,
651 2890 730 2940 Phne-
781 2905 811 2940 ee
821 2889 943 2956 Epaphus,
953 2905 1035 2940 verum
1050 2905 1097 2938 non
1111 2905 1180 2954 eque
1195 2906 1282 2956 megno

230 2962 332 3012 thuntem
346 2963 515 3014 Antronomum
528 2964 611 3023 suine,
622 2965 664 3031 qui
677 2981 730 3016 cur·
781 2965 843 3022 Deo,
860 2972 887 3014 ut
904 2963 959 3026 ilie;
981 2979 1037 3013 nem
1054 2961 1112 3028 quid
1127 2964 1188 3014 Jove
1204 2965 1282 3031 mejue

230 3051 279 3086 enm
293 3038 350 3088 rotie
363 3039 503 3104 deeignhrit
517 3039 559 3090 red
575 3049 640 3097 ente,
657 3055 730 3106 quern
781 3039 898 3089 hubemrt
915 3039 1006 3088 Cedere
1016 3053 1072 3104 ergo
1082 3037 1207 3088 Phaethon
1218 3039 1281 3106 Epe-

230 3127 287 3177 opnr
305 3113 439 3178 pertineret.
455 3123 561 3164 mortuus
579 3113 618 3164 eit.
650 3113 731 3164 Etiam
781 3114 829 3180 pho
854 3115 976 3165 debuisset
1002 3115 1027 3164 in
1055 3114 1100 3164 hec
1126 3123 1202 3180 perte.
1234 3117 1282 3166 Sed

231 3187 336 3245 houm,
349 3188 381 3238 nd
396 3187 458 3239 rtm.
470 3189 535 3239 Plet.
546 3206 570 3255 p.
584 3191 616 3238 ³³
630 3205 680 3256 req.
695 3189 730 3239 ie·
781 3191 937 3241 Phaethontis
963 3190 1053 3242 enimus
1078 3191 1190 3257 engebnt.
1216 3192 1281 3258 quod

231 3261 308 3311 bulum
318 3277 332 3311 e
342 3263 446 3330 phyrieie
453 3263 621 3330 interpretetur
631 3272 676 3315 eet.
692 3263 732 3315 Cf.
781 3281 852 3316 erum
869 3265 967 3316 heberet
977 3268 1070 3324 Jovenn‚
1081 3275 1106 3316 et
1122 3266 1237 3332 Epaphus
1251 3267 1282 3316 de

230 3346 253 3386 et
268 3335 379 3387 Philostr.
397 3339 465 3388 leon.
482 3337 498 3388 i.
514 3341 538 3388 2.
566 3337 731 3405 Nomenque
782 3341 932 3408 erogiorinr'r
942 3351 1105 3408 nonpoternt:
1122 3357 1178 3391 nem
1186 3342 1282 3392 Snturni

233 3413 316 3474 tradite
333 3423 469 3480 tooepernt,
489 3424 515 3463 et
530 3413 734 3481 copiosissime
782 3415 874 3465 nullum
881 3416 933 3482 jem
944 3431 1030 3465 nornen
1040 3423 1100 3466 eret.

232 3487 388 3538 eruditissime
399 3498 557 3554 persequutus
571 3498 627 3549 eet3
640 3489 683 3538 red
693 3489 733 3538 hie
815 3491 871 3540 754.
891 3489 1022 3554 Tumidum]
1050 3489 1146 3540 Temere
1166 3489 1197 3540 de
1218 3490 1280 3540 stetu

234 3563 375 3620 nonminue.
384 3579 457 3630 quern
467 3565 492 3613 in
501 3563 591 3614 diluvio
603 3563 732 3614 Deucalio-
783 3574 808 3614 et
825 3565 945 3632 superbia.
979 3565 1070 3623 rann,
1085 3565 1127 3630 qui
1145 3565 1282 3631 putatoris

232 3651 282 3694 neo,
294 3638 426 3688 luxurianti
436 3638 531 3705 ingenio
541 3639 649 3689 indulsit.
670 3639 733 3688 Turn
782 3641 978 3705 eeee,quireveru
984 3656 1031 3689 non
1039 3648 1088 3689 eet:
1099 3637 1154 3688 ride
1163 3639 1281 3689 Bronnkh.

232 3711 356 3779 discerpsit
377 3713 482 3764 iebuiern
503 3713 545 3770 ite,
568 3724 595 3764 nt
620 3714 732 3780 majorem
783 3713 814 3764 ed
833 3715 939 3781 Propert
957 3716 992 3764 11.
1009 3713 1047 3765 57.
1064 3715 1104 3764 vii.
1122 3715 1161 3763 ⁴³.
1195 3715 1282 3780 lunago,

231 3787 281 3852 ejus
293 3797 387 3854 purtem
402 3787 427 3836 in
437 3787 491 3838 tibr.
501 3797 641 3853 toquentem
656 3797 734 3838 trene-
783 3789 844 3838 falsa
854 3788 888 3838 rei
898 3788 1082 3855 repreeentndo,
1093 3788 1119 3838 ii.
1129 3789 1169 3839 ³7.

233 3863 308 3912 terret.
336 3863 409 3920 Quod
419 3863 475 3912 olim
484 3878 558 3928 quum
568 3862 666 3912 moleste
676 3879 735 3912 non·
804 3853 874 3914 756.
896 3863 962 3914 Tulit
975 3865 1006 3912 od
1017 3862 1130 3926 matrem]
1149 3863 1284 3929 Morepue·

233 3936 290 3986 nnlti
305 3937 404 3992 terrent,
421 3937 511 3986 sectum
527 3935 634 3992 nrbitror,
651 3945 678 3986 ut
697 3935 735 3986 hie
784 3953 871 3994 rorum,
882 3937 924 4003 qui
938 3937 1021 3987 offensi
1036 3937 1067 3986 eb
1083 3937 1223 4003 eqnnhhne,
1234 3953 1283 3987 rem

233 4011 362 4059 secundnm
380 4010 468 4060 librum
482 4009 623 4068 ordirentur,
634 4027 687 4077 que
698 4011 735 4059 di·
785 4012 815 4062 nd
828 4021 938 4078 parentes
948 4012 1067 4071 deserunt,
1077 4020 1102 4062 et
1113 4013 1143 4062 nb
1154 4011 1183 4060 iie
1192 4011 1284 4062 vindie-

234 4085 289 4134 virio
320 4085 346 4133 in
377 4095 480 4150 quatuor
506 4084 585 4134 Codd.
614 4085 737 4150 reperitur.
784 4094 936 4152 tempetunt.

233 4161 329 4216 Seneca,
347 4159 378 4208 de
397 4159 493 4210 Prorid.
510 4163 534 4210 5.
552 4159 606 4210 loce
621 4160 735 4210 nonnulle
818 4163 874 4211 757.
893 4162 970 4218 Liber,
985 4159 1036 4226 qui,
1053 4158 1173 4210 neminem
1191 4159 1285 4218 timeor,

235 4233 287 4283 inde
301 4233 411 4284 henderit
425 4234 456 4283 ed
467 4233 631 4284 illuetrtndam
644 4233 734 4284 sortitu·
786 4235 846 4288 dioit
855 4245 879 4286 et
890 4236 1020 4301 iacit'qun
1031 4235 1076 4302 ipsi
1091 4243 1157 4285 reeta
1166 4233 1286 4286 ridentur.

235 4307 311 4358 dinem
327 4308 353 4358 in
369 4308 504 4375 appetendo
519 4307 614 4358 virtute.
647 4309 679 4358 Et
693 4325 734 4376 po·
787 4309 850 4360 Ptin.
857 4311 941 4377 viEp.
949 4310 1036 4360 vitiu:
1050 4311 1104 4359 Non
1103 4311 1170 4375 feret
1177 4324 1285 4376 magnum

235 4391 278 4431 teet
288 4382 340 4432 heo
355 4383 404 4434 snb.
415 4399 483 4449 reque
493 4398 523 4432 ne
534 4383 655 4449 AEeopicn,
666 4398 735 4432 usum
786 4395 808 4434 et
830 4387 925 4435 liberum
942 4387 1061 4452 ingenium
1078 4401 1130 4433 curn
1148 4385 1285 4433 contemtio

237 4457 345 4506 melem
360 4456 456 4507 hebere.
472 4457 509 4507 En
526 4457 590 4507 enirn
605 4469 736 4514 monemur,
786 4463 903 4510 domnum
937 4459 1010 4509 Feror
1024 4475 1080 4525 opp.
1091 4456 1139 4506 leni
1151 4465 1175 4506 et
1190 4457 1284 4522 placido

237 4545 264 4579 ne
274 4539 416 4599 eppetemue
426 4547 479 4597 que
489 4547 561 4598 eupre
570 4531 632 4580 vireo
646 4541 736 4581 nostres
787 4533 892 4599 ingenio.
923 4533 1136 4584 Cic.Sen.n.³³:
1162 4533 1284 4596 infirmiter

236 4615 296 4662 runt.
317 4618 343 4656 et
367 4617 396 4656 ut
420 4605 588 4672 sapientiorum
614 4605 738 4655 hominum
783 4625 906 4673 puerorum
917 4607 1177 4673 eet,frrreiajumnn.

238 4680 338 4732 consiliio
353 4681 404 4746 regi
419 4697 462 4730 noe
475 4681 589 4731 sinemur.
622 4681 680 4732 Hor.
691 4679 736 4729 lv.
