3552 5984
918 774 1087 842 SERIES

476 961 540 1027 tus,
553 949 691 1014 Proerna
705 969 841 1012 uxorem
855 949 889 1011 in
903 946 1099 1012 adulterium
1113 946 1295 1032 pellexerit,
1311 950 1354 1015 ab
1368 971 1472 1036 eaque
1487 973 1537 1016 ex·

476 1067 556 1152 fuga
571 1089 701 1134 reverse
715 1087 823 1130 oanan
838 1074 871 1130 et
876 1066 1023 1151 jaculum
1042 1067 1215 1151 acceperit,
1230 1089 1372 1152 quonam·
1386 1067 1440 1134 ille
1455 1091 1541 1142 cum

474 1187 568 1271 nahe
587 1182 750 1249 Thebana
772 1183 805 1246 in
825 1204 940 1246 sanam
960 1204 1135 1248 conversus
1158 1184 1210 1261 sit,
1230 1185 1294 1250 hoo
1317 1197 1427 1252 autem
1448 1208 1470 1250 a
1494 1207 1529 1252 se

474 1302 680 1388 imprudente
695 1301 825 1390 missurn
839 1323 974 1365 uxorem
989 1301 1196 1368 interfecerit.

519 1420 594 1486 Lib.
612 1417 709 1484 VIII.
744 1417 851 1482 Minoi
873 1417 1000 1482 interim
1024 1416 1195 1504 Megaram
1217 1420 1378 1486 obsidenti
1403 1421 1528 1506 Scylla,

445 1587 452 1598 .
475 1559 584 1602 amore
596 1539 667 1623 ejus
686 1546 793 1621 capta,
809 1535 947 1620 patriam
961 1556 1036 1599 cum
1050 1535 1139 1600 crine
1152 1535 1231 1600 Nisi
1245 1538 1347 1620 patris
1360 1561 1530 1624 purpureo

474 1657 602 1744 prodit,
619 1657 677 1721 sed
689 1666 799 1740 spreta
811 1655 854 1718 ab
867 1655 921 1719 illo
932 1675 1033 1739 quum
1043 1655 1193 1721 abeuntis
1208 1657 1283 1720 navi
1293 1655 1478 1733 inhaereret,
1495 1659 1528 1722 in
1623 1689 1629 1702 ·

474 1777 555 1842 dria
569 1797 671 1852 avem,
687 1784 781 1858 pater
794 1783 903 1836 auteur
917 1772 951 1836 in
965 1772 1135 1836 budeclea
1149 1783 1326 1838 mutantia.
1362 1773 1527 1840 Reversus

475 1895 584 1960 Minos
610 1895 643 1958 in
668 1892 800 1958 Cretam
825 1890 1055 1968 Minotaurus,
1079 1893 1292 1976 opprobrium
1313 1893 1443 1976 generis
1465 1893 1529 1970 sui,

474 2012 660 2099 labyrintho
678 2009 809 2076 Daedali
822 2021 896 2075 arte
918 2011 1037 2096 posito,
1059 2008 1205 2088 includit,
1224 2023 1258 2076 et
1277 2009 1396 2076 Atticis
1417 2011 1529 2095 pueris

475 2133 590 2219 pascit,
604 2153 624 2195 e
638 2130 757 2217 quibus
779 2129 919 2193 Theseae
928 2140 1107 2194 monstrum
1121 2129 1284 2206 interficit,
1296 2140 1395 2214 atque
1408 2128 1531 2194 Ariad-

475 2273 546 2326 nen,
561 2250 654 2334 cujus
673 2271 736 2333 ope
756 2269 799 2312 ex
818 2246 1004 2331 labyrintho
1018 2269 1053 2312 se
1068 2247 1290 2333 expediverat,
1303 2269 1414 2314 secum
1433 2269 1452 2312 e
1472 2269 1530 2331 pa·

475 2369 538 2432 tria
548 2367 679 2432 ductam
693 2367 726 2431 in
740 2364 808 2429 Dia
822 2365 926 2430 insula
937 2363 1099 2450 relinquit,
1112 2366 1170 2440 ubi
1184 2388 1256 2431 eam
1272 2364 1424 2430 Bacchus
1439 2387 1530 2430 assu·

474 2486 543 2562 mit,
558 2479 694 2569 ejusque
709 2504 857 2548 coronam
870 2483 954 2548 inter
968 2484 1077 2548 sidero
1091 2481 1237 2550 collocat.
1276 2483 1437 2548 Doedalas
1451 2504 1528 2548 vero

474 2624 574 2688 quum
588 2623 631 2666 ex
648 2597 752 2664 insula
770 2598 824 2664 illu
838 2599 996 2684 subigere
1010 2623 1075 2666 non
1091 2611 1214 2686 posset,
1230 2600 1288 2666 alis
1302 2601 1439 2666 inventis
1454 2623 1531 2667 evo-

475 2719 561 2795 lavit,
575 2717 633 2783 sed
648 2717 764 2782 Icarus
777 2728 853 2802 post
867 2729 992 2803 patrem
1007 2717 1117 2785 volans
1133 2721 1319 2785 submersus
1335 2731 1395 2786 est.
1442 2721 1529 2805 Ejus

384 2881 389 2888 -
474 2837 644 2921 exsequias
667 2835 884 2902 celebrantem
904 2837 985 2901 vidit
1006 2847 1143 2922 patrem,
1168 2838 1389 2923 gaudiumque
1411 2849 1530 2904 testata

425 3026 436 3034 ,
473 2968 524 3020 est
535 2955 666 3040 perdia,
681 2976 699 3019 e
714 2954 852 3020 Perdice
863 2965 920 3020 aut
935 2953 1031 3032 Talo,
1048 2955 1216 3042 ingenioso
1231 2955 1405 3037 multamm
1419 2979 1529 3023 rerum

473 3076 651 3149 inventore,
666 3095 762 3158 quern
782 3071 942 3138 Doedelus
960 3075 1080 3138 invidia
1096 3087 1204 3141 motus
1215 3097 1257 3140 ex
1276 3097 1351 3140 arce
1369 3075 1530 3142 Minervae

393 3257 400 3265 ,
473 3192 672 3279 praecipitem
686 3191 827 3268 miserat,
842 3189 1079 3258 transformata.
1124 3193 1264 3258 meent
1277 3193 1414 3272 interea,
1426 3215 1528 3279 quum

472 3311 699 3378 celeberrimus
716 3313 783 3396 jam
805 3323 900 3387 esset,
915 3312 964 3376 ad
983 3334 1097 3400 apum
1115 3312 1327 3397 Calydonium
1348 3309 1529 3377 tollendum

353 3481 360 3492 .
472 3441 605 3494 vocatus
624 3440 685 3507 est,
703 3451 800 3514 quem
817 3427 974 3495 Atalanta
995 3431 1099 3516 prima
1119 3429 1308 3496 vulneravit.
1356 3430 1529 3518 Meleager

401 3625 403 3634 Ι
474 3557 580 3612 autern
601 3545 771 3622 interfecit,
792 3549 885 3631 eujus
902 3557 1038 3612 mortem
1053 3545 1245 3613 acceleravit
1259 3547 1391 3612 Altlraa
1412 3558 1528 3626 mater,

473 3665 642 3729 combusto
657 3665 765 3750 stipite
776 3663 875 3728 fatali.
914 3663 1066 3730 Theseus
1080 3687 1123 3730 ex
1138 3667 1199 3732 ista
1215 3666 1386 3731 venatione
1398 3665 1528 3731 rediens

473 3783 515 3846 ad
531 3781 703 3847 Acheloum
724 3782 903 3848 devertimr
922 3794 955 3848 et
970 3761 1155 3849 Echinades
1172 3783 1293 3848 insulas
1307 3783 1479 3868 conspicit,
1495 3784 1529 3848 ln

472 3921 554 3984 quas
575 3901 723 3966 Naiadec
744 3913 836 3966 erant
861 3923 1035 3967 conversae.
1082 3902 1185 3975 Quod
1207 3903 1251 3967 ita
1273 3901 1347 3967 fieri
1368 3903 1528 3987 pontisse,

358 4035 362 4040 ·
422 4081 426 4086 ,
472 4025 612 4100 negante
631 4015 790 4095 Pirithoo,
813 4017 917 4084 Lelex
940 4021 1078 4104 primum
1099 4021 1259 4085 Baceidie
1280 4031 1315 4084 et
1330 4020 1529 4086 Philomede

472 4133 590 4217 probat
613 4132 774 4219 exemplo,
795 4137 851 4219 qui
869 4137 902 4201 in
925 4137 1057 4222 arbores
1080 4136 1202 4202 fuerint
1225 4138 1426 4216 commutati,
1443 4137 1529 4204 sicut

471 4252 580 4314 ᾱυηιιω
590 4272 702 4316 eorum
712 4252 745 4316 in
759 4256 915 4340 templana,
928 4275 1087 4344 acpagas
1101 4258 1171 4342 ipse
1182 4257 1386 4343 inetognsnn.
1417 4255 1529 4322 Ache-

471 4365 542 4431 lous
562 4367 679 4432 deinde
695 4367 808 4433 Protei
825 4382 859 4434 et
877 4369 1022 4448 Moatra,
1040 4349 1284 4451 Erisicbtbons,
1300 4385 1428 4458 patrem
1442 4372 1530 4438 fame

472 4483 643 4560 fruentem,
658 4483 771 4550 clentis
786 4496 932 4552 amaram
947 4488 1167 4573 transformem
1181 4491 1284 4556 addit.

516 4601 589 4664 Lib.
607 4600 669 4666 IX.
693 4601 781 4665 Tum
796 4625 872 4668 snas
886 4603 1004 4670 formas
1022 4606 1133 4684 refert,
1148 4631 1230 4694 quse
1242 4609 1407 4694 quondam
1423 4621 1531 4674 muta·
