3494 6010
463 741 529 808 378
761 739 800 804 Ρ.
824 735 987 804 0less
1010 736 1223 804 NASONIS

463 913 666 990 Audierat:
696 937 771 987 non
789 913 854 986 illa
870 913 966 1000 loco,
986 937 1057 989 nec
1075 913 1218 1010 origine
1235 913 1360 1010 gentis

462 1032 590 1120 Clara,
609 1030 677 1105 sed
696 1038 788 1117 arte,
808 1028 899 1106 luit:
929 1041 1037 1132 pater
1062 1029 1150 1104 huic
1171 1029 1430 1128 Colophonius
1450 1031 1515 1104 ld-

462 1146 654 1223 Phocaico
670 1143 819 1220 bibulas
838 1144 1038 1244 tinguebat
1054 1146 1197 1222 murice
1215 1147 1343 1222 lanas:
1399 1157 1513 1244 [mon‚

462 1265 668 1341 Occiderat
684 1274 826 1354 mater;
848 1261 917 1340 sed
936 1275 976 1338 et
992 1265 1074 1341 haec
1088 1262 1136 1340 de
1155 1251 1281 1363 plebe,
1299 1288 1446 1364 suoque
1469 1269 1516 1338 10

461 1381 587 1481 AEqua
600 1379 679 1455 viro
696 1379 831 1456 fuerat.
879 1379 1007 1481 Lydas
1025 1391 1152 1454 tamen
1170 1379 1234 1454 illa
1251 1405 1321 1480 per
1337 1381 1449 1456 urbes

461 1497 674 1584 Quaesierat
690 1497 816 1574 studio
831 1522 968 1573 nornen
986 1497 1241 1584 memorabile,
1261 1497 1434 1596 quamvis

460 1613 558 1689 Orta
574 1615 686 1689 domo
703 1637 830 1714 parva,
848 1616 972 1713 parvis
990 1615 1189 1691 habitabat
1207 1614 1408 1714 Hypaepis,
1495 1607 1498 1616 ’

460 1727 586 1829 Hujus
603 1741 646 1807 ut
662 1732 876 1830 aspicerent
893 1758 988 1834 opus
1006 1733 1238 1820 admirabile,
1257 1757 1360 1834 saepe

462 1847 676 1923 Deseruere
693 1846 751 1920 sui
772 1845 962 1948 Nymphae
979 1849 1107 1924 vineta
1123 1847 1295 1948 Tymoli;
1468 1856 1513 1925 15

460 2077 621 2146 numanatis,
629 2083 650 2122 et
661 2076 727 2124 retem
737 2075 843 2125 matie.
865 2075 961 2134 Noster,
1011 2075 1171 2126 monumentis
1182 2074 1302 2125 veteribus
1321 2091 1351 2124 ec
1367 2073 1435 2124 novis
1452 2091 1513 2124 nun·

461 2149 508 2199 lv.
524 2147 596 2198 Trist.
615 2147 631 2198 i.
648 2149 673 2197 4.
694 2165 755 2198 mess
774 2151 866 2198 intents
886 2151 962 2199 nolis.
1012 2166 1094 2216 quem,
1115 2150 1153 2199 vel
1176 2165 1228 2198 raro
1251 2147 1388 2210 admodum,
1410 2148 1513 2200 Romani

462 2223 574 2278 Maeoetae.
584 2221 684 2287 Lydios
700 2221 755 2272 side
766 2222 796 2272 ed
806 2222 832 2273 ii.
840 2225 898 2275 252.
916 2225 962 2290 Ly·
1012 2224 1116 2274 scribent
1129 2241 1172 2289 gu,
1183 2223 1226 2272 sed
1237 2239 1279 2289 per
1286 2241 1304 2288 g
1315 2222 1456 2288 simplicem,
1468 2227 1515 2274 ts'e·

463 2296 527 2348 diem
543 2295 674 2348 Arachnen
692 2297 764 2346 etiarn
784 2297 844 2348 lecit
858 2297 963 2358 Servius,
1010 2299 1104 2365 gabant,
1112 2299 1235 2362 urgebunt,
1245 2303 1270 2345 et
1279 2295 1328 2346 alia
1338 2295 1513 2362 hujuscemodi,

461 2371 574 2437 edVirg.
590 2371 678 2436 Georg.
691 2371 800 2422 imm:
818 2371 861 2422 sed
876 2373 963 2422 Thres-
1012 2371 1186 2422 sicutethlli
1201 2372 1341 2421 scriberent.
1376 2371 1461 2421 Mures
1471 2389 1514 2438 ge·

459 2461 521 2504 usn,
538 2461 640 2511 umque
651 2445 768 2510 virginem
785 2445 885 2512 regiam.
903 2449 962 2500 Pro·
1012 2461 1057 2500 nte
1075 2446 1181 2504 conober,
1201 2445 1271 2510 cnjus
1288 2461 1303 2495 e
1321 2461 1394 2496 suooo
1413 2447 1515 2496 Veteres

459 2521 545 2572 huead
557 2519 659 2571 eundem
670 2521 760 2571 locum.
1011 2536 1139 2587 purpuram
1153 2521 1323 2577 conficiebant,
1334 2527 1359 2570 et
1370 2536 1424 2586 quer
1438 2537 1514 2586 quum

494 2596 635 2646 attenua
646 2595 772 2660 tucceta]
793 2595 907 2646 Pluribus
919 2597 962 2646 eb·
1011 2594 1077 2652 alibi,
1105 2606 1155 2645 tum
1179 2596 1253 2662 juxta
1276 2595 1402 2654 Plooeees,
1428 2597 1512 2645 urbem

456 2671 548 2738 jectam
575 2668 676 2718 lenitieea
703 2668 819 2736 originem
839 2669 961 2730 mentis,
1010 2671 1086 2724 lonis
1100 2671 1126 2722 in
1141 2671 1196 2721 sinu
1210 2671 1281 2720 marie
1291 2670 1464 2722 Mediterranei
1476 2670 1513 2720 in-

461 2761 509 2812 quo
519 2741 595 2809 magis
606 2751 631 2792 et
646 2743 755 2810 arsejus,
765 2753 789 2794 et
799 2743 901 2794 audacia
911 2761 959 2810 qua
1011 2746 1068 2796 huso
1095 2746 1176 2804 sitam,
1203 2746 1373 2812 reperiebatur,
1421 2744 1514 2803 Heius,

459 2833 485 2868 se
506 2817 552 2884 ipsi
570 2817 686 2866 Minerva
704 2819 808 2884 prestent,
829 2817 963 2869 illucescet.
1012 2821 1156 2886 xxxvjiel.

461 2893 548 2942 mom
559 2907 603 2942 nec
615 2891 646 2942 (le
657 2905 744 2957 genere
749 2908 818 2960 cepe,
827 2893 890 2959 quod
898 2895 962 2946 Pon·
1045 2896 1085 2946 11.
1096 2897 1181 2960 AEquu,
1191 2893 1292 2962 equalis
1306 2891 1423 2960 dignitate
1432 2902 1459 2944 et
1468 2909 1511 2960 qe-

460 2979 532 3018 tenus
549 2968 645 3017 volebat
666 2967 786 3034 (seqnitur
812 2967 875 3018 enim
899 2972 964 3036 origo
1011 2985 1076 3020 nere.
1107 2969 1184 3035 Lydes
1204 2969 1306 3019 conexit
1320 2969 1447 3018 Constant.
1465 2970 1512 3018 Fa-

459 3041 557 3109 mis.)
575 3057 620 3092 nec
637 3057 692 3092 cum
704 3043 849 3100 Bmmenno,
861 3042 891 3092 de
908 3043 962 3110 dig·
1011 3059 1079 3094 nens.
1096 3043 1153 3110 quie
1166 3044 1257 3109 Lydius
1273 3041 1375 3110 primam
1393 3043 1512 3108 syllabam

459 3117 543 3175 nitate,
555 3117 596 3166 sed
612 3116 643 3166 ele
660 3116 746 3182 petria,
763 3127 859 3183 propter
870 3133 963 3168 semum
1010 3133 1104 3184 semper
1115 3119 1253 3184 productam
1265 3116 1353 3177 heheu
1370 3114 1467 3182 plurimi
1475 3125 1511 3166 ta·

461 3193 501 3248 1³,
523 3191 564 3256 qui
583 3189 639 3241 huic
656 3198 734 3242 nostro
751 3189 886 3257 respondet.
921 3191 960 3240 Ihi
1009 3207 1065 3244 men
1079 3191 1150 3244 MSS.
1161 3191 1236 3256 (inter
1249 3206 1309 3257 quoe
1324 3191 1418 3256 Regius
1432 3199 1513 3242 noster

460 3265 524 3314 eninr
537 3281 611 3328 perna
621 3263 741 3316 amared
754 3267 960 3332 originessgestts,
1009 3265 1045 3327 B)
1066 3264 1126 3318 dent
1147 3265 1244 3330 bydm
1279 3264 1360 3328 ledae
1381 3263 1443 3314 alies
1463 3280 1512 3314 nos

458 3348 484 3388 et
493 3357 569 3402 pem
581 3340 688 3404 prepae
697 3337 728 3387 ed
740 3341 813 3389 beers
822 3339 949 3405 pertinet.
1009 3340 1088 3390 minus
1106 3349 1232 3406 usurpetur
1250 3337 1276 3390 in
1292 3353 1400 3390 sermone
1410 3339 1513 3404 vulgari.

493 3415 517 3463 8.
539 3411 712 3477 Colophoniae]
734 3412 860 3480 Colophon
881 3413 960 3465 nobile
1010 3412 1066 3472 ltu,
1075 3412 1197 3464 Arachne.
1218 3413 1512 3478 machometem.

460 3487 669 3554 lonieoppidum.
1009 3487 1250 3554 hacquoqseserhe
1262 3487 1407 3538 adonem
1418 3488 1510 3540 retulit.

492 3563 517 3612 9.
530 3560 619 3612 Bibule
635 3559 698 3610 lene
716 3557 842 3626 exquisite,
852 3577 907 3626 qses
923 3561 959 3614 hi-
1010 3563 1100 3620 Studio,
1116 3571 1168 3614 erte
1185 3561 1296 3616 uxoria
1329 3562 1418 3612 Domus
1428 3579 1512 3626 poree,

459 3637 529 3693 bunt,
544 3633 666 3684 attrahant
684 3633 782 3690 colores,
794 3641 823 3685 ut
837 3649 909 3700 supra
925 3637 959 3686 lel-
1010 3634 1115 3694 humilis,
1126 3653 1172 3688 neo
1186 3636 1362 3702 alladiqnitete
1373 3635 1511 3702 oenum.

460 3713 517 3760 tete
527 3708 609 3760 Persei
625 3711 721 3759 tutoris.
757 3705 894 3773 Tingulet.
919 3709 960 3760 sle
1009 3709 1093 3760 lieret.
1106 3711 1128 3762 1.
1143 3709 1236 3777 Eplii.
1252 3711 1293 3762 tu.
1307 3713 1377 3774 persi
1395 3720 1423 3759 et
1439 3714 1512 3772 ωορδ

460 3782 649 3848 GodeeReqlne
659 3783 695 3844 133
713 3781 960 3850 scemenum
1009 3783 1054 3834 sibi
1065 3783 1300 3850 oppositeeoeensu.
1329 3784 1512 3848 timores

461 3862 508 3908 tet.
551 3857 642 3908 Eadem
661 3855 764 3908 serietas
784 3855 810 3906 in
831 3856 961 3910 codicibus
1009 3857 1093 3924 Lydio
1103 3858 1164 3912 ieter
1173 3859 1287 3908 'l'nsolunn
1297 3867 1402 3910 montem
1412 3859 1508 3926 oesy-

460 3932 583 3999 reperitur,
602 3930 695 3997 quoties
713 3928 764 3980 herc
782 3928 886 3996 litereg
904 3939 960 3982 ente
1009 3939 1084 3984 strum
1098 3932 1205 3990 fluvium,
1216 3932 1248 3982 de
1258 3933 1511 3998 quaBurmenoeseel

460 4007 567 4056 vocalem
583 4006 774 4071 qualemcunque
788 4005 865 4070 posita
877 4021 959 4056 oecur-
1010 4005 1255 4072 Petronianum
1269 4005 1369 4058 munit.
1402 4005 1510 4058 Fuitols·

460 4082 506 4132 rit:
524 4081 566 4130 alii
577 4081 642 4130 eninr
653 4091 707 4147 post
716 4097 733 4146 g
743 4079 836 4132 literam
846 4097 864 4130 u
874 4074 960 4148 adjun'-
1008 4097 1086 4139 ecura,
1097 4081 1161 4132 unde
1175 4081 1203 4130 h.
1214 4081 1232 4130 l.
1247 4099 1329 4144 mese,
1339 4090 1365 4132 et
1381 4079 1416 4131 sic
1426 4080 1510 4138 etiem

460 4163 530 4222 gum,
548 4154 590 4204 elil
611 4171 666 4204 vero
687 4172 704 4221 g
724 4154 776 4206 siue
800 4173 819 4204 es
845 4155 960 4206 scribent.
1009 4156 1300 4222 stltanbiesdeejus
1310 4156 1368 4208 situ

461 4229 960 4296 letsdporrofluxitspeonuncienelimore
1043 4233 1081 4284 lt.
1107 4231 1234 4282 Deseruere
1250 4233 1287 4280 sut
1305 4229 1424 4294 Nysqohe,
1445 4231 1508 4295 ete]

460 4305 524 4373 epod
535 4305 656 4356 Romanos
670 4313 809 4364 consteste5
825 4301 919 4356 scilicet
929 4305 958 4356 li·
1009 4305 1096 4358 Priscis
1112 4304 1258 4370 temporibus
1268 4302 1311 4354 Dti
1324 4303 1434 4356 mlehem
1447 4302 1510 4358 insi-

461 4389 540 4447 terag
554 4389 610 4430 ante
621 4378 729 4429 vocalem
744 4378 823 4444 posita
837 4393 960 4444 nunquam
1008 4395 1059 4430 sere
1070 4380 1190 4430 mortales.
1223 4378 1276 4430 Hoc
1291 4377 1364 4442 igitur
1379 4385 1452 4443 poete
1462 4393 1511 4428 noo

460 4466 529 4507 sonet
547 4457 686 4516 nostrumj‚
700 4453 742 4504 sed
758 4471 849 4518 gom
863 4454 959 4504 Gracc·
1009 4455 1072 4506 male
1092 4469 1148 4504 treus
1174 4461 1211 4504 eet
1236 4449 1267 4502 ed
1294 4450 1511 4502 commendandus

461 4547 529 4590 rum;
556 4529 620 4579 unde
644 4525 712 4584 tuti,
734 4527 857 4584 Germani.
878 4527 960 4592 Angli,
1009 4528 1136 4582 Arachnes
1150 4543 1219 4593 opus.
1244 4527 1283 4578 De
1296 4525 1452 4591 Tyreolivine
1467 4543 1509 4592 qs·

462 4614 512 4654 etc.
534 4604 590 4656 hnic
612 4602 746 4670 adjungunt
764 4619 790 4658 e,
808 4601 918 4666 quemvis
936 4599 960 4650 in
1010 4619 1102 4661 nermo,
1113 4601 1195 4660 nobili,
1204 4599 1332 4652 eideetlii.
1342 4601 1401 4652 21⁷.
1428 4601 1513 4655 roem

1733 1169 1735 1204 l

1733 1211 1735 1274 l
