3588 6000
389 781 457 848 DE
481 779 646 847 OPERE
669 775 1160 846 METAMORPHOSEON.
1257 779 1300 846 xli

408 951 568 1033 Tisiphone
581 953 769 1014 madefactam
782 949 922 1032 sangarius
935 954 1024 1014 sumit

331 1049 501 1128 lmpcrtuna
513 1049 615 1117 lacem,
629 1047 774 1127 fluidoque
786 1067 885 1108 cruore
897 1049 1048 1110 rubentem

331 1142 470 1202 induitur
482 1141 598 1224 pallam,
611 1151 743 1222 tortoque
753 1141 910 1222 incingitur
919 1164 1023 1222 angue,

331 1237 547 1317 Egrediturque
561 1236 653 1296 domo.
687 1236 799 1296 Luctus
812 1238 966 1297 comitatur
979 1249 1096 1298 euntem

333 1331 374 1392 Et
388 1332 490 1402 Pavor,
504 1342 535 1393 et
550 1331 664 1402 Terror,
677 1331 846 1412 trepidoque
860 1333 976 1420 Insania
988 1333 1082 1394 vultu.

257 1538 402 1604 incessus
424 1539 545 1624 reginos
568 1537 719 1624 superbae
743 1539 953 1624 ejusdemque
976 1540 1067 1604 iratoe
1093 1538 1235 1618 mirifice,
1257 1542 1298 1604 vi.

261 1661 331 1735 165,
346 1669 492 1724 notatus:

333 1791 410 1854 Ecce
421 1792 503 1852 veuit
516 1793 652 1852 comitum
666 1791 763 1852 Niobe
775 1791 960 1854 celeberrima
971 1795 1066 1864 turba,

332 1887 473 1948 Vestibus
485 1889 600 1949 intexto
613 1889 748 1968 Phrygiis
761 1890 924 1969 spectabilis
937 1909 1016 1960 aare,

332 1981 384 2052 Et,
398 1993 540 2063 quantum
553 1984 595 2042 ira
608 1983 689 2054 sinit,
703 1984 825 2044 formosa
832 2007 842 2056 3
856 2005 1029 2066 movensque
1041 1985 1142 2048 decoro

333 2077 408 2164 Cum
421 2078 515 2158 capite
525 2078 666 2138 immissos
679 2079 830 2138 humerum
843 2099 895 2158 per
909 2090 1065 2160 utrumque
1078 2080 1197 2160 capillos

333 2171 488 2232 Constitit:
510 2181 601 2252 utque
615 2167 712 2232 oculos
725 2172 904 2233 circumtulit
917 2173 977 2234 alta
988 2175 1134 2255 superbos,
1149 2185 1203 2235 etc.

258 2369 403 2455 Pugnam
427 2367 538 2434 Persei
563 2391 636 2434 cum
660 2367 768 2435 bellua
789 2371 921 2447 marina,
941 2372 983 2436 iv.
1008 2373 1083 2450 710,
1102 2373 1301 2438 venationem

256 2489 333 2556 ferae
352 2485 533 2566 Thebsnoe,
548 2489 601 2554 vii.
618 2491 694 2568 765,
714 2501 749 2556 et
766 2490 836 2576 apri
858 2489 1037 2576 calydonii,
1052 2492 1117 2556 viii.
1129 2493 1208 2570 329,
1229 2493 1303 2577 quie

256 2629 386 2674 narrare
399 2609 596 2694 ingeniosius
610 2609 734 2694 possiti
766 2607 880 2693 Byblis
895 2607 986 2674 fratri
1005 2609 1114 2676 literas
1130 2611 1301 2696 scriptura,

256 2728 300 2794 ix.
317 2730 398 2794 5212

333 2871 446 2932 Dextra
458 2881 541 2932 tenet
553 2871 672 2941 ferrum,
685 2891 804 2932 vamum
817 2881 899 2933 tanet
913 2871 1005 2933 altera
1017 2893 1120 2933 ceram.

333 2967 442 3048 incipit
456 2977 487 3028 et
500 2966 633 3037 dubitat3
653 2968 752 3028 scribit
766 2967 940 3048 damnatque
952 2967 1093 3040 tabellas3

335 3062 377 3122 Et
390 3073 471 3124 notat
484 3072 514 3123 et
527 3061 606 3122 delet
613 3083 624 3133 3
644 3071 749 3132 mutat,
763 3061 928 3142 culpatque,
941 3063 1109 3142 probatque,

333 3158 427 3238 laque
440 3157 532 3218 vicem
545 3165 655 3218 sumtas
667 3155 759 3236 ponit,
773 3157 935 3236 positasque
947 3158 1077 3218 resundt.

257 3346 457 3435 Pygmalion,
471 3307 572 3432 quum
587 3355 725 3410 statuam
739 3367 829 3411 suam
843 3345 1042 3426 absolvisset,
1058 3371 1090 3412 x.
1106 3349 1190 3412 254:
1270 3417 1277 3424 ,

335 3499 418 3580 Saepe
430 3519 534 3559 manus
548 3497 627 3578 operi
640 3493 788 3560 tentantes
801 3497 943 3570 admovet,
957 3520 995 3560 an
1008 3500 1046 3561 sit

335 3611 455 3692 Corpus,
468 3631 507 3670 an
519 3607 594 3669 illud
606 3609 695 3670 ebur=
717 3629 770 3670 nec
783 3610 855 3670 ebur
867 3621 965 3670 tamen
977 3631 1040 3672 esse
1053 3611 1170 3672 fatetur.

335 3721 442 3782 Oscula
455 3721 515 3793 dat,
528 3719 667 3800 reddique
679 3732 781 3802 putat:
802 3721 987 3802 loquiturque
999 3733 1147 3802 tenetque,

334 3833 376 3894 lit
389 3833 491 3904 credit,
504 3833 590 3893 tactis
603 3831 707 3912 digitos
720 3831 844 3892 insidere
856 3833 1003 3903 memhris,

334 3945 376 4006 Iit
388 3945 505 4015 metuit,
518 3964 628 4025 pressas
640 3945 738 4006 veniat
751 3965 788 4006 ne
800 3946 872 4006 livor
886 3946 916 4005 in
930 3957 1019 4007 artus.

256 4156 291 4212 et
303 4167 376 4231 quae
390 4143 485 4230 plura
497 4155 687 4229 sequuntur.
735 4144 882 4231 Myrrha,
898 4168 931 4210 x.
947 4145 1023 4224 465,

282 4315 286 4324 '
336 4306 523 4386 Nutricisque
535 4327 652 4365 manum
665 4306 737 4366 laeva
749 4314 851 4378 tenet'3
872 4307 962 4368 alters
974 4319 1054 4368 motu

333 4417 452 4476 Ooecurn
471 4417 526 4476 iter
540 4415 688 4495 exploret:
710 4417 831 4477 thalami
841 4419 902 4496 jam
916 4417 1017 4478 limina
1030 4419 1142 4497 tangit3

335 4527 458 4607 Jamque
473 4529 548 4587 forsa
561 4527 655 4606 aperit
663 4549 673 4598 ;
690 4528 750 4606 jam
764 4527 880 4588 ducitur
892 4528 988 4588 intus:
1010 4529 1096 4590 atilli

334 4636 449 4718 Poplite
462 4637 597 4699 succiduo
608 4657 704 4718 genua
716 4638 900 4710 intremuere,
914 4647 968 4700 etc.

302 4769 375 4814 von.
393 4769 442 4813 111.
849 4761 851 4766 '
1031 4749 1049 4814 s
