3552 5984
521 1157 783 1251 LECTORI
815 1159 1145 1253 BENEVOLO

755 1381 790 1446 S.
807 1379 847 1446 P.
863 1381 908 1448 D.

359 1583 676 1662 nrcosnus
714 1585 973 1664 unicius
1011 1585 1304 1666 sunnine.
1425 1565 1431 1576 '

307 2045 391 2142 EX
405 2094 447 2156 eo
460 2072 549 2160 quod
560 2071 715 2138 Nssorus
728 2073 867 2140 Carmen
881 2073 945 2140 hoc
959 2073 1002 2140 de
1015 2097 1124 2152 rerum
1134 2073 1359 2142 Translormc·
1401 2061 1406 2070 ¹

306 2193 460 2270 tionibus,
473 2213 540 2257 non
557 2191 674 2258 eodem
692 2191 881 2278 inscriptum
898 2193 1026 2259 nomine
1043 2195 1104 2260 tibi
1118 2196 1278 2275 obveniat,
1293 2218 1359 2282 quo

305 2311 416 2397 priora
434 2311 502 2376 duo
514 2309 688 2388 volumina,
706 2332 749 2376 ne
768 2311 956 2391 credideris,
972 2311 1093 2379 Lector
1109 2313 1242 2399 optime,
1257 2324 1361 2378 trans-

305 2430 417 2518 fugam
436 2453 457 2496 a
477 2430 572 2496 nobis
594 2429 753 2496 defecisse
770 2431 873 2495 virum
894 2429 1017 2496 consilii
1036 2431 1139 2496 nostri
1157 2431 1359 2518 participem,
1405 2465 1412 2484 ·

305 2549 488 2616 studiorum
522 2549 735 2625 hortatorem,
759 2546 1043 2635 aemulmoremque
1068 2548 1358 2636 diligentissimum,

306 2663 343 2730 J.
357 2665 401 2730 A.
418 2664 537 2744 Amr,
551 2665 620 2753 qui,
635 2662 806 2751 siquando
823 2688 843 2730 a
861 2663 974 2731 labore
988 2667 1133 2754 incoepto
1147 2668 1303 2736 desistere
1317 2669 1361 2734 ad

305 2795 435 2872 tempus
460 2795 597 2871 propter
618 2782 835 2850 valetudinem
861 2793 1007 2870 cogetur,
1030 2806 1090 2862 nos
1112 2807 1242 2872 quoque
1264 2795 1362 2874 cogat

306 2925 409 2990 opere
433 2904 616 2988 interrupta
640 2912 674 2967 et
698 2901 877 2988 pendentia
901 2901 1094 2990 relinquere.
1140 2902 1241 2978 Quod
1267 2927 1361 2971 omen

307 3021 368 3086 Dii
383 3029 543 3100 avertant,
558 3041 697 3106 quorum
714 3019 867 3105 auspiciis
885 3020 1037 3088 inchoata
1055 3043 1108 3088 res
1127 3033 1248 3102 nostra,
1265 3035 1299 3088 et
1318 3023 1362 3090 ad

306 3139 397 3208 hunc
411 3141 496 3207 diem
510 3139 646 3207 feliciter
660 3140 743 3208 adeo
756 3150 922 3226 provecta,
937 3151 986 3206 tot
1005 3139 1074 3206 fere
1089 3141 1150 3207 sibi
1164 3139 1361 3218 laudatores,

306 3271 389 3348 quot
405 3261 490 3326 viros
511 3258 740 3326 Universitatis
758 3259 895 3327 Gallicae
918 3261 1033 3326 stadiis
1055 3259 1199 3327 faventes
1219 3260 1362 3348 gratula-

307 3391 381 3458 tur,
404 3389 502 3464 atque
521 3378 560 3443 iis
579 3379 659 3464 ipsis
679 3379 811 3460 fluitur,
828 3378 878 3446 vel
894 3379 1001 3460 iratis,
1018 3379 1075 3467 qui
1092 3399 1153 3446 nec
1173 3379 1363 3446 movendam

307 3496 440 3582 quidem
459 3495 553 3561 nobis
573 3496 655 3560 tenti
673 3492 793 3568 laboris
812 3495 940 3576 molem,
956 3497 1140 3564 Dictatoria
1158 3499 1365 3575 auctoritate,

306 3637 351 3682 ne
365 3615 521 3692 dicamus,
537 3613 707 3680 subinvida
720 3623 840 3692 mente,
855 3615 1161 3701 pronuntiaverant!

353 3733 465 3820 Hujus
478 3733 578 3820 igitur
590 3730 709 3810 laudis,
721 3755 796 3817 quae
810 3755 902 3819 spem
915 3743 1106 3819 conceptam
1119 3733 1235 3800 mirum
1248 3733 1283 3798 in
1295 3755 1363 3798 mo·

307 3853 388 3920 dum
415 3853 634 3939 exsuperavit,
659 3862 788 3938 portem
812 3851 987 3939 legitimam
1011 3851 1135 3918 referre
1159 3862 1193 3918 et
1214 3853 1308 3938 juvat
1330 3861 1364 3918 et

308 3971 406 4038 decet
429 3971 592 4038 Ovidiano
617 3971 800 4058 interpreti,
822 3971 890 4057 qui,
913 3981 1085 4058 pqstqucm
1109 3970 1143 4034 in
1166 3968 1389 4035 Praefatione.

307 4089 405 4176 primi
418 4088 587 4156 voluminis
606 4099 673 4156 tam
690 4091 770 4156 scite
784 4113 881 4176 quam
897 4087 1064 4176 eleganter
1077 4087 1209 4154 modum
1223 4088 1365 4174 praevius

307 4208 487 4294 aperuerit,
501 4229 567 4292 quo
588 4207 774 4294 corrigendi
787 4215 914 4273 veteres
934 4229 972 4272 ac
988 4207 1234 4292 interpretandi,
1253 4208 1298 4272 sic
1316 4207 1365 4272 in·

307 4335 508 4411 terpretatus
527 4334 589 4403 est,
600 4335 639 4392 ut
654 4347 691 4392 re
707 4326 778 4412 ipsa
791 4327 943 4405 vinceret,
958 4348 1056 4412 quem
1069 4327 1138 4412 jam
1154 4324 1283 4411 eloquio
1298 4325 1365 4391 vin·

309 4455 438 4511 centem
451 4453 660 4530 agnoverant,
676 4444 873 4528 quicumque
887 4442 1005 4510 Latine
1020 4443 1135 4510 sciunt.
1174 4442 1241 4509 Sed
1256 4465 1298 4509 ex
1312 4441 1364 4506 his

310 4584 387 4647 quoe
414 4561 568 4647 praemisit
593 4559 839 4628 Commentariis
866 4563 900 4628 in
926 4561 1109 4628 Heroidum
1137 4559 1302 4647 Epistolss
1331 4567 1365 4624 et

310 4678 481 4746 Amatoria
502 4679 657 4758 Nasonis,
680 4680 762 4746 satis
786 4701 949 4766 superque
979 4679 1037 4744 tibi
1066 4678 1216 4757 innotuit,
1244 4673 1365 4743 Lector

356 4815 433 4864 voa.
449 4817 499 4864 111.
1087 4817 1108 4859 a
