3588 6000
444 707 913 778 nnrsuortrrrosnorr
938 710 1028 777 nm.
1054 673 1093 776 r.'
1240 711 1283 778 ss

231 878 339 956 Talis
353 883 582 984 deposcunt:
604 885 671 970 sic,
684 909 801 984 quum
813 909 945 962 manus
959 886 1192 986 impinsaevit
1208 891 1283 960 200

233 997 427 1096 Sanguine
446 1001 623 1076 Oaessreo
643 1001 854 1078 Romanum
872 1005 1114 1102 exstinguere
1132 1025 1281 1090 nomen,

231 1113 449 1190 Attonitum
466 1127 580 1208 tantae
598 1117 722 1192 subito
740 1129 879 1194 terrore
898 1121 1013 1194 ruinae

233 1228 453 1307 Humanum
472 1259 592 1332 genus
610 1245 689 1326 cst3
719 1246 899 1335 totusque
917 1236 1129 1336 perhorruit
1145 1235 1258 1309 orbis.

234 1345 318 1422 Nec
336 1349 405 1422 tibi
423 1361 531 1446 grata
547 1350 669 1426 minus
688 1351 822 1450 pietas,
842 1352 1027 1450 Auguste,
1046 1363 1207 1440 tuorum,

216 1461 359 1546 ,Quam
377 1465 447 1540 fuit
462 1467 527 1542 ills
543 1467 566 1540 J
569 1469 639 1543 ovi.
670 1467 745 1554 Qui
762 1479 965 1568 postquam
983 1493 1076 1544 voce
1094 1491 1284 1565 manuque

236 1577 432 1658 Murmura
444 1586 688 1684 compressit;
717 1596 873 1662 tenuere
891 1585 1041 1660 silentis
1057 1585 1197 1659 cuncti.
1210 1587 1284 1658 206

239 1697 416 1773 Substitit
432 1711 474 1775 ut
490 1700 642 1789 clamor,
662 1725 816 1801 pressus
834 1703 1016 1802 gravitate
1034 1701 1210 1798 regentis,

236 1813 385 1912 Jupiter
404 1817 474 1891 boc
493 1818 628 1895 iterum
647 1843 818 1894 sermone
837 1819 988 1896 silentia
1004 1817 1165 1917 rumpit:

239 1939 262 1968 “
278 1929 348 2005 Ille
362 1933 517 2031 quidem
531 1959 674 2034 pinnas,
691 1961 820 2012 curam
835 1939 932 2047 banc
950 1935 1142 2023 dimittite,
1155 1933 1282 2008 solvit:

237 2156 357 2208 commode
376 2157 495 2225 abrumpit
514 2160 643 2210 orationem
660 2161 736 2219 lovis,

238 2240 262 2278 et
271 2247 352 2280 sensus
361 2231 502 2298 reliquorum
514 2234 619 2284 Deorum
633 2235 735 2302 interpo·

238 2303 280 2358 nit.
312 2303 407 2354 Etenim
419 2305 470 2356 brec
481 2307 640 2374 interpellatio
650 2318 675 2358 et
685 2325 736 2360 rna·

234 2378 314 2443 jestati
323 2379 390 2430 lovis
399 2389 424 2430 et
440 2381 575 2448 indignitati
586 2383 683 2432 sceleris
693 2384 737 2434 ad-

237 2453 300 2502 missi
309 2455 425 2520 augendas
436 2455 540 2506 inservit.
574 2457 621 2507 Vis
636 2457 736 2508 audiunt

237 2527 279 2577 Dii
294 2528 392 2578 insidias
403 2530 458 2580 Jovi
475 2539 585 2586 stmetas.
596 2549 669 2598 quum
685 2548 735 2582 oru-

237 2619 278 2652 nea
303 2613 486 2654 commoventur.
535 2605 679 2670 Corrfremere
705 2607 735 2656 de

131 2709 138 2721 .
237 2678 335 2727 vocibus
343 2678 482 2744 promiscuis
492 2679 617 2730 concitate
629 2681 735 2730 multitu·

236 2751 306 2802 dinis.
337 2753 454 2811 Studium,
467 2753 571 2820 impetus
589 2755 671 2810 enimi.
689 2771 736 2822 quo

237 2826 328 2893 aliquid
338 2827 377 2876 rel
389 2843 533 2887 aversamur,
545 2830 584 2880 rel
595 2828 736 2896 appetimus.

238 2901 375 2964 Dspwunt,
401 2901 493 2952 scilicet
520 2903 551 2953 ad
578 2904 736 2970 supplicium

237 2991 283 3041 quo
292 2991 364 3026 sensu
374 2977 467 3042 proprie
476 2979 602 3041 &paterer
615 2979 736 3030 Drakenb.

237 3049 320 3100 adSil.
329 3049 363 3099 iii.
374 3053 432 3114 202.

268 3127 324 3174 wo.
342 3127 430 3176 Murrus
445 3127 536 3191 impin]
555 3127 684 3194 Sexaginta
691 3129 735 3188 illi,

237 3200 278 3264 qui
295 3199 324 3250 C.
336 3199 427 3260 Cassio,
437 3201 475 3249 Μ.
491 3209 516 3250 et
530 3201 564 3250 D.
575 3201 655 3252 Brutis
671 3203 735 3270 prin-

236 3274 329 3341 cipibus
347 3274 540 3341 conspiraverant
561 3279 736 3328 contraritanr

238 3347 349 3398 Ceteris:
367 3349 465 3398 sueton.
477 3350 541 3399 Cres.
553 3351 593 3399 80.
625 3351 736 3402 Solemus

238 3422 431 3480 caenomanis,
452 3425 572 3474 Caesarem
597 3440 652 3474 cum
675 3427 736 3477 Jove

237 3507 307 3564 atque
317 3498 442 3566 imperium
450 3499 584 3548 Romnum
592 3515 664 3564 regno
672 3499 735 3550 Deo·

239 3589 287 3622 rum
298 3589 451 3640 comparare:
471 3591 511 3624 xv.
523 3575 653 3636 858—60;
669 3577 736 3624 Fast.

238 3647 262 3696 ii.
272 3649 318 3698 1³0
324 3665 332 3710 5
342 3647 678 3710 Hons1.0d.xii.so-60;
687 3649 736 3698 111.

238 3721 406 3772 od.v.1—s.
439 3721 601 3773 Hincetbec
616 3739 737 3788 compara-

238 3800 270 3846 tio
283 3798 361 3855 fluxit,
372 3797 396 3846 in
410 3814 458 3864 qun
469 3799 542 3847 verba
559 3799 620 3848 bene
634 3798 736 3858 delecta,

189 3911 192 3921 .
239 3876 319 3936 impin:
337 3872 416 3938 virgil
428 3873 516 3938 Georg.
528 3871 546 3922 i.
561 3873 617 3922 tot.
627 3873 658 3922 ob
672 3873 736 3924 idern

237 3948 328 3998 lacinm
352 3951 422 4010 inpia
441 3949 526 3998 uculo.
559 3948 625 3997 Seos't
652 3952 735 3998 sattim

236 4039 313 4088 gicero
341 4021 410 4070 ardet
439 4021 531 4071 servitia
559 4021 735 4087 exstinguendi.

238 4099 295 4146 Hor.
307 4097 328 4146 l.
337 4097 387 4146 Od.
397 4114 436 4147 xv.
449 4099 490 4146 27.
498 4097 567 4163 furit
586 4107 608 4146 te
625 4100 733 4160 reperire.

240 4171 325 4222 Nosses
350 4172 448 4221 Rursus.
468 4171 593 4238 imperium
619 4171 690 4222 Rom.
710 4181 737 4222 ut

237 4263 307 4313 sepe.
340 4245 422 4312 Auget
442 4257 522 4298 sutem
539 4255 611 4312 poeta
636 4263 686 4296 rem
711 4245 736 4296 in

238 4320 398 4371 adulationem
419 4320 532 4386 Augusti,
553 4321 620 4386 qnasi
641 4321 735 4370 Caesare

237 4394 360 4444 interfecto
370 4395 523 4445 metuendum
530 4394 610 4452 tuerit,
620 4409 649 4444 ne
660 4401 736 4444 totum

238 4467 362 4535 imperinm
373 4468 444 4518 Rom.
452 4475 605 4518 everteretur.

268 4546 326 4594 Μ.
343 4543 452 4607 Baium]
472 4543 574 4592 Ruinam
582 4542 682 4592 Lennirm
692 4541 735 4591 int.

238 4619 339 4669 nominis
352 4619 424 4669 Rom.
435 4619 517 4668 Potest
533 4627 556 4668 et
570 4617 600 4668 ad
617 4615 735 4668 Cererem

785 2161 879 2223 rslerri;
905 2161 991 2211 dicitur
1012 2159 1075 2210 enim
1095 2175 1142 2208 non
1160 2157 1239 2208 minus
1256 2158 1287 2207 de

785 2235 907 2285 bominum
933 2249 1080 2300 magnorum,
1109 2249 1181 2299 quern
1208 2249 1285 2282 rerum

785 2310 889 2360 interitu.
910 2310 995 2358 Horat.
1002 2308 1037 2358 11.
1044 2308 1093 2358 Oti.
1103 2308 1160 2356 svii.
1169 2309 1192 2355 ti.
1200 2307 1230 2356 de
1241 2323 1285 2358 sua

785 2393 810 2431 et
820 2381 963 2432 Meconem
979 2393 1054 2432 morte
1066 2381 1177 2439 instante.
1188 2383 1229 2430 itte
1239 2384 1287 2431 diss

785 2467 906 2521 utramque
930 2459 998 2506 ducet
1026 2459 1127 2506 ruirmm.
1177 2454 1286 2513 lironem,

784 2533 866 2599 populi
880 2531 982 2582 Romani
998 2530 1100 2580 Cessris
1115 2545 1198 2580 necem
1209 2530 1285 2579 vindi-

786 2607 871 2657 cantis.
904 2608 1024 2657 Ceterum
1042 2604 1136 2654 Rodius
1153 2613 1233 2654 monet
1252 2603 1287 2654 in·
1390 2659 1397 2674 ¹

786 2680 861 2746 telligi
888 2678 1084 2745 conspirationem
1109 2687 1192 2728 contre
1212 2677 1286 2726 vitam

785 2753 897 2820 Augusti,
909 2753 972 2820 quod
982 2761 1006 2802 et
1017 2750 1058 2801 alii
1068 2751 1125 2800 olim
1135 2759 1255 2818 putarunt.

818 2831 877 2879 ⁴208.
896 2829 1032 2878 Humanum
1044 2843 1117 2894 genas
1129 2833 1154 2874 et
1168 2835 1240 2875 totum
1250 2843 1286 2874 cr-

786 2905 834 2953 bern
851 2903 965 2960 nominat,
980 2900 1038 2967 quia
1052 2915 1133 2950 omnes
1145 2899 1193 2949 lere
1203 2907 1288 2964 gentes

786 2979 902 3043 parebant
909 2976 1005 3043 imperio
1013 2976 1084 3024 Rom.
1091 2983 1116 3022 et
1124 2974 1158 3022 sic
1166 2973 1197 3022 ad
1207 2988 1287 3022 omnes

785 3050 920 3118 pertinebat
930 3048 1031 3099 Csssris
1041 3047 1157 3096 interitus.

819 3126 877 3176 205.
894 3125 1063 3188 Qutpoerquam
1073 3138 1132 3178 voce,
1143 3119 1204 3184 etc.]
1221 3120 1287 3169 Inest

785 3199 810 3250 iu
827 3200 864 3252 bis
882 3199 960 3250 verbis
976 3195 1066 3263 aliquid
1083 3196 1219 3262 tautologia
1228 3213 1236 3256 ;
1263 3207 1287 3244 et

786 3277 851 3326 rsrie
862 3275 919 3325 olim
931 3275 994 3324 lecta
1005 3280 1072 3320 suut:
1084 3270 1139 3321 vide
1151 3270 1221 3320 Varr.
1231 3269 1287 3320 lect.

818 3352 875 3400 207.
886 3347 1000 3410 Pressa]
1013 3345 1081 3394 ldem
1090 3360 1161 3412 quem
1170 3359 1288 3409 compres-

785 3440 834 3474 sus.
866 3421 991 3473 Interdum
1009 3427 1156 3486 suctorpost
1171 3419 1286 3484 composi-

787 3509 837 3548 tum
854 3497 939 3565 repetit
953 3496 1018 3546 verb.
1033 3495 1148 3560 simplex:
1167 3509 1216 3542 ver.
1229 3496 1285 3542 158.

785 3575 915 3630 incaluisse,
925 3573 1076 3633 calidumque.

819 3648 877 3696 209.
904 3644 1045 3707 Dimissus]
1076 3643 1220 3691 Dimittimus
1246 3655 1284 3699 es,

787 3737 841 3786 quie
852 3720 960 3786 ejicimus
973 3735 1002 3768 es
1014 3717 1100 3773 animo,
1112 3729 1211 3782 quorum
1221 3716 1283 3765 obli·

787 3795 906 3845 viscimur.
940 3795 1042 3856 Tempus,
1053 3790 1193 3858 perversitas
1210 3789 1285 3839 bomi-

787 3885 844 3919 num
855 3870 925 3936 bujus
935 3867 1053 3934 temporis.
1085 3864 1159 3932 Apud
1169 3864 1284 3931 Apollod.

786 3944 887 3994 liliorum
897 3941 1016 4010 Lycaonis
1026 3939 1136 4007 impietas
1152 3947 1232 3990 movet
1241 3941 1284 3990 Jo-

786 4035 850 4076 vem,
872 4020 943 4068 utin
966 4026 1051 4066 terram
1072 4015 1204 4065 delabatur.
1236 4015 1284 4064 Sed

785 4093 880 4148 Noster,
888 4092 930 4158 qui
939 4089 1096 4140 Deucalionis
1104 4089 1284 4140 diluviumcum

785 4167 829 4216 boc
841 4165 922 4232 mytho
932 4166 1075 4232 conjungere
1083 4164 1165 4222 voluit,
1176 4163 1283 4214 latiorem

784 4240 932 4308 impietatem
957 4238 1157 4288 commemoravit.
1201 4238 1285 4288 Delubi

784 4317 889 4365 solemne
899 4314 930 4363 de
946 4314 1062 4364 descensu
1072 4313 1177 4362 Deorum
1196 4312 1220 4361 in
1236 4319 1283 4360 ter·

784 4407 830 4440 ras.
863 4387 1060 4446 Lustrmembire
1077 4384 1282 4452 circumspiciendi

785 4471 884 4514 causer*
901 4463 943 4513 sii.
961 4463 1018 4512 527.
1050 4461 1097 4510 Sub
1114 4463 1221 4524 tongins,
1239 4457 1282 4508 sd-

784 4546 862 4588 snmts
880 4538 967 4588 torma:
996 4535 1021 4584 ii.
1042 4536 1098 4584 805.
1139 4531 1283 4590 Mercensrii

784 4613 882 4663 formem
904 4610 1016 4677 Apollod.
1036 4617 1157 4658 memoret.
1202 4607 1283 4656 Minor
