3518 6008
351 719 355 726 “
444 733 916 802 unrauospuossou
940 731 1113 802 ornvr.
1237 729 1304 802 425
1389 713 1398 733 ·’

249 907 272 982 J
275 908 405 984 ustitia
420 911 591 998 dubium,
610 909 792 986 validisne
810 909 997 1011 potentior
1014 910 1140 984 armis.

251 1025 439 1112 Quattuor
456 1029 520 1104 ille
537 1029 691 1128 quidem
711 1031 882 1126 juvenes,
901 1027 1138 1127 totidemque
1155 1031 1305 1106 credrat

251 1141 440 1220 Femineae
458 1144 590 1222 sortis:
620 1147 687 1222 sed
703 1157 783 1222 erat
799 1171 868 1246 par.
885 1145 1004 1221 forma
1019 1146 1191 1234 duarum,
1225 1151 1300 1222 680
1338 1233 1347 1256 .

253 1259 438 1359 Equibus
457 1263 624 1338 AEolides
643 1264 837 1363 Cephalus
856 1274 895 1339 te
912 1265 1073 1362 conjuge
1090 1262 1194 1350 felix,
1267 1265 1273 1282 ⁸

250 1374 393 1466 Procri,
405 1379 497 1455 suit:
520 1379 653 1456 Boreae
666 1379 809 1456 Tereus
827 1379 1071 1476 Thracesque
1090 1381 1298 1469 nocebaut;

251 1493 478 1594 Dilectaque
495 1497 561 1571 diu
578 1499 699 1574 caruit
717 1498 823 1573 Deus
842 1497 1030 1596 Orithyia,
1306 1593 1310 1601 .

252 1609 355 1683 Dum
373 1622 492 1708 rogat,
508 1625 547 1688 et
561 1612 737 1712 precibus
755 1614 910 1702 mavult,
930 1636 1044 1712 quarn
1061 1612 1213 1698 viribus,
1232 1614 1300 1688 uti.

251 1725 324 1800 Ast
342 1728 405 1801 ubi
422 1728 613 1804 blanditiis
631 1731 754 1827 agitur
772 1729 877 1817 nihil,
896 1729 1068 1814 horridus
1087 1729 1152 1816 ira,
1227 1734 1301 1804 685

252 1841 347 1928 Quae
366 1845 477 1920 solita
494 1857 553 1920 est
570 1845 635 1932 illi,
655 1846 887 1944 nimiumque
905 1845 1124 1933 domestica,
1144 1857 1275 1930 vento;

156 2008 162 2022 -
252 1969 277 1998 “
298 1959 349 2034 Et
366 1961 536 2050 merito,''
555 1962 664 2050 dixit,
685 1972 709 2002 ‘⁸
729 1963 822 2062 quid
840 1963 940 2038 enim
959 1987 1044 2038 mea
1059 1964 1137 2038 tela
1153 1963 1301 2062 reliqui,

252 2219 283 2267 ab
305 2218 399 2270 homine
424 2219 456 2270 ad
478 2229 575 2270 rentum
600 2222 751 2272 canuerunt.
801 2225 897 2287 corrjoge
909 2219 989 2286 selis,⁸
1016 2218 1097 2270 confer
1113 2219 1156 2270 vii.
1174 2221 1236 2272 696:
1260 2221 1304 2272 tuit
1332 2205 1335 2220 ¹

253 2293 364 2342 Hermiae
380 2311 436 2343 vero
463 2294 603 2344 Platonicus
623 2295 751 2345 Erechthei
803 2295 877 2343 veluti
915 2294 1017 2343 formula
1053 2293 1167 2344 solennis.
1222 2297 1304 2346 Tereus

250 2367 325 2418 liliam
336 2369 465 2434 Aquilonis
475 2369 564 2435 impetu
575 2386 605 2420 es
614 2371 663 2419 alto
673 2371 751 2435 dejec·
804 2369 942 2433 Thracesque
962 2369 1087 2427 medoen
1109 2368 1237 2419 crudelitas
1256 2371 1302 2418 Te·

252 2450 301 2490 tarn
312 2444 408 2509 periisse
419 2444 504 2500 credit,
515 2453 540 2494 et
551 2443 753 2502 indulserimus
803 2443 837 2494 rei
853 2459 881 2494 ac
891 2443 1012 2492 thracum
1028 2443 1119 2500 llorere,
1131 2459 1161 2492 oe
1175 2443 1303 2510 Orithyian

252 2517 373 2567 hominum
383 2535 447 2568 ruore
458 2535 473 2568 a
484 2527 554 2568 vento
569 2527 639 2586 rapta
652 2519 754 2568 dicatur.
803 2517 909 2574 duceret,
917 2517 1026 2566 nocebat.
1048 2517 1121 2566 Deus.
1142 2517 1229 2568 Boreas
1240 2521 1302 2568 enim

251 2591 319 2641 Idem
327 2593 544 2650 docetAcesilaus,
555 2594 668 2644 referente
679 2593 753 2659 Apol·
803 2593 872 2642 Deus
890 2591 1030 2649 habebatur,
1044 2591 1083 2642 cui
1100 2608 1168 2642 sacra
1186 2593 1305 2644 faciebant

251 2667 358 2717 lodoro.”
388 2668 753 2736 ApudPalaephaturn,cap.23.
804 2667 986 2733 Megapolitani,
1014 2665 1105 2724 Thurii,
1139 2667 1304 2720 Athenienses.

252 2742 341 2792 Boreas
351 2742 390 2792 hic
401 2751 498 2792 vocatur
512 2741 580 2809 ἀνὴρ
589 2741 634 2792 ohe
648 2743 752 2808 ἄσημος.
806 2741 946 2798 Pausanias,
954 2740 1044 2791 Arcad.
1055 2759 1079 2807 p.
1090 2742 1154 2800 673;
1171 2741 1302 2792 AElian.V.

252 2817 371 2866 Ceterum
383 2818 434 2866 luae
445 2819 528 2884 rapina
538 2832 649 2884 expressa
666 2825 717 2866 erat
728 2817 753 2866 in
804 2814 1174 2875 H.1ii.61;flerod.vii.1us.
1207 2817 1304 2883 Hymno

253 2907 309 2942 arca
319 2891 426 2958 Cypseli,
438 2892 478 2942 ubi
490 2893 579 2942 Boreas
596 2892 649 2942 loco
665 2891 770 2957 pedurn'
802 2905 858 2940 curn
867 2889 996 2942 celebrarit
1007 2888 1131 2956 Orpheos:
1149 2890 1218 2940 iacet
1228 2891 1253 2940 h.
1263 2893 1303 2942 79.

252 2965 365 3031 anguium
376 2967 590 3018 caudashabebat.
623 2965 754 3016 Parnasius
803 2965 963 3014 Athenienses
977 2979 1031 3014 vero
1047 2965 1079 3014 oh
1093 2974 1184 3031 raptans
1196 2967 1303 3031 Orithyi-

253 3039 331 3090 Eliac.
348 3057 372 3107 p.
389 3043 446 3090 424.
481 3041 622 3090 Erechtheus
638 3041 755 3091 successit
803 3054 844 3096 an.
854 3055 908 3089 eum
919 3039 1013 3088 affinem
1024 3039 1069 3088 sihi
1079 3051 1230 3091 censuerunt.
1258 3043 1304 3092 [Ε-

251 3115 368 3184 Pandioni
385 3115 402 3164 i.
412 3131 475 3166 anno
491 3117 554 3165 142³
571 3124 626 3165 ante
641 3131 683 3164 or.
696 3114 754 3164 Chr.
802 3113 890 3171 hanua,
902 3112 927 3164 d.
937 3114 954 3164 1.
965 3113 1006 3163 ubi
1017 3113 1066 3164 rid.
1077 3115 1183 3164 Perizon.

254 3191 279 3240 Is
294 3191 388 3256 justitia
405 3208 451 3240 non
472 3191 559 3248 minus,
576 3205 648 3256 quarn
668 3189 753 3240 virtute
836 3189 894 3238 665.
913 3188 1029 3238 Horridus
1039 3189 1098 3253 ira]
1117 3189 1303 3240 NonmalaBo-

251 3263 349 3320 bellica,
378 3265 524 3315 excellebat.
566 3265 664 3314 Summa
692 3263 755 3329 regia
804 3277 850 3312 reas
867 3261 954 3312 horridi
971 3261 1113 3329 descriptio:
1135 3263 1183 3314 Hie
1201 3265 1264 3314 Deus
1279 3277 1302 3314 et

253 3339 314 3388 laus.
805 3347 878 3386 lmus
893 3349 915 3387 et
930 3340 1005 3386 mono
1021 3339 1071 3386 alta
1088 3341 1178 3398 dorrurt,⁸
1196 3340 1304 3407 Propert.

286 3413 343 3464 679.
362 3413 479 3468 Quattuor
488 3411 673 3476 ille-juma]
691 3411 712 3460 E
727 3413 754 3460 li·
805 3410 840 3460 11.
855 3427 897 3460 xx.
908 3412 940 3461 52
948 3429 955 3472 ;
971 3411 1003 3462 cl.
1013 3411 1144 3462 Claudias.
1155 3411 1229 3480 Rapt.
1243 3413 1303 3466 iffi

251 3487 291 3537 liis
301 3487 406 3552 Cecrops
417 3486 451 3536 11.
460 3486 574 3537 successit
584 3486 654 3552 puri.
679 3487 754 3542 Quot·
804 3501 858 3551 sqq.
893 3487 1030 3544 Domestica,
1042 3486 1086 3536 sibi
1101 3490 1194 3554 propria
1206 3498 1231 3538 et
1246 3506 1304 3540 con·

256 3575 310 3612 tuor
326 3563 421 3628 plurimi
441 3571 583 3612 memorant.
615 3561 755 3619 Pausanias,

253 3638 280 3688 ii.
301 3641 349 3697 25;
370 3637 479 3686 Eustath.
499 3636 530 3686 ad
552 3637 584 3686 ll.
604 3636 635 3686 B.
656 3653 680 3703 p.
698 3638 754 3686 291.

252 3713 331 3762 Ειίιιιι
342 3712 405 3778 apud
413 3711 585 3778 Apollodorum
593 3711 634 3760 ubi
645 3720 753 3760 trestun-

255 3797 306 3836 turn
325 3795 491 3842 memorantur,
510 3785 618 3853 lleynius
636 3784 753 3836 excidisse

253 3869 322 3927 putat
338 3869 449 3926 quartum
466 3861 551 3910 OEnen.
585 3859 666 3916 Sertis,
675 3875 753 3910 sexus.

253 3938 283 3986 ln
299 3935 396 3984 filiabus
406 3933 460 3983 due
479 3933 524 3984 sibi
535 3935 640 4000 aquales
649 3933 754 3999 pulchri·

252 4010 367 4066 tudine,e
378 4007 466 4075 quihus
474 4009 570 4058 Procrin
582 4006 753 4074 duxitCepha·

804 3570 885 3621 sueta,
902 3577 961 3611 nove
976 3561 1010 3610 sic
1020 3561 1119 3611 dicturo.
1153 3563 1304 3614 Burmannus

804 3643 882 3701 putat,
897 3635 1010 3685 Ovidium
1032 3634 1069 3683 his
1089 3635 1182 3686 duabus
1198 3639 1305 3696 vocibus,

803 3713 905 3760 solitast
919 3713 1048 3767 domnico
1061 3709 1191 3776 exprimere
1203 3713 1304 3764 voluisse

804 3785 883 3834 Graec.
900 3783 996 3843 οἰκεῖος,
1013 3784 1081 3850 cuju·
1099 3785 1147 3834 vim
1169 3787 1304 3852 exposuerit

804 3857 895 3908 Victor.
905 3858 937 3908 ad
948 3857 1000 3908 cic.
1011 3857 1029 3906 i.
1040 3858 1094 3906 Art.
1104 3860 1142 3908 10.

835 3933 893 3982 667.
911 3934 943 3982 Et
958 3937 1038 3983 merito
1054 3934 1153 3999 abrupte
1169 3934 1262 4002 incipit,
1278 3943 1307 3986 ut

803 4006 836 4055 is.
848 4007 905 4056 684.
913 4005 953 4056 uhi
965 4005 1016 4056 vid.
1026 4015 1091 4056 notu.
1112 4009 1152 4057 Ita
1162 4018 1186 4058 et
1196 4009 1305 4075 Propert.

252 4086 299 4142 lus,
317 4084 418 4135 Deionei
439 4083 510 4140 lilius,
526 4085 588 4132 AEoli
606 4099 687 4150 nepos,
706 4082 753 4134 vid.
803 4082 825 4130 1.
836 4079 893 4128 xvii.
906 4083 929 4129 l.
963 4083 1087 4130 Advrsum
1101 4083 1304 4144 precenbonalo-

252 4159 376 4216 Heinsius,
394 4158 425 4208 ad
443 4157 484 4207 rii.
501 4159 566 4218 672,
592 4158 704 4207 Munker.
723 4157 754 4206 ad
804 4155 934 4220 quutio,ut
947 4154 1089 4205 docentuiri
1105 4155 1169 4207 docti
1186 4155 1217 4206 ad
1233 4157 1304 4206 Pha-

253 4235 344 4302 Hygini
364 4233 469 4284 fabulam
493 4234 539 4294 ¹⁴3
555 4247 692 4298 quanquam
714 4231 755 4282 alii
804 4228 1077 4285 drum,l.lab.xix.6.'
1099 4233 1212 4280 Adlriiere
1221 4248 1305 4294 preces,

252 4326 308 4360 eunt
316 4309 429 4360 Mercurii
438 4307 513 4358 lilium
523 4307 690 4364 {selummodo
699 4307 753 4371 cyr-
804 4303 865 4352 dixit
880 4305 975 4360 Noster,
987 4303 1020 4352 iii.
1031 4305 1088 4354 376.
1098 4315 1123 4354 et
1133 4305 1187 4355 Cic.
1199 4305 1231 4354 N.
1244 4305 1278 4354 D.
1288 4305 1305 4356 i.

254 4382 607 4448 commonitariarum.
618 4383 673 4431 725.
700 4381 755 4431 Ori·
804 4380 829 4428 2.
864 4377 914 4426 Vim
932 4377 1011 4426 verbis
1031 4377 1174 4444 gravissimis
1190 4377 1306 4436 declarat,

253 4459 336 4524 thyino
347 4457 426 4524 rapuit
434 4457 530 4514 Boreas,
538 4455 755 4524 cuipetentifiliaru
805 4451 907 4501 maxime
919 4451 943 4500 in
954 4451 1008 4501 fine.
1042 4452 1305 4516 Ergoaaaurgitoratio.

253 4533 401 4584 Erechtheus
411 4532 467 4582 dare
483 4533 599 4588 noluerat,
611 4531 705 4582 territus
718 4529 755 4580 in·
805 4526 871 4584 Quia
881 4529 960 4576 urrhile
972 4529 1047 4590 pellit,
1057 4537 1181 4592 propterea
1192 4525 1304 4592 αἰθρηγε·

253 4608 337 4678 audita
349 4607 414 4658 Terei
427 4607 527 4657 Threicii
542 4606 691 4656 crudelitate.
726 4605 756 4654 Te
804 4599 885 4667 νέτης,
906 4611 931 4652 et
951 4603 1029 4652 elenu
1053 4601 1148 4650 dicitur.
1182 4602 1303 4658 Cossutio,
