3450 5998
459 783 536 850 194·
764 780 804 848 1²2
828 781 990 848 OVIDII

1017 781 1231 851 NASONIS

460 955 703 1056 Incaluitque
721 955 818 1045 Deo,
835 981 950 1055 quem
965 959 1135 1034 clausum
1152 971 1307 1058 pectore
1324 962 1499 1052 habebat,

458 1074 610 1174 Aspicit
627 1074 828 1164 infantem
860 1085 884 1114 “
900 1075 1003 1151 Toti-

1007 1075 1104 1174 ''que
1124 1085 1147 1116 ‘⁶
1159 1077 1337 1153 salutifer
1354 1081 1436 1153 orbi

461 1191 616 1279 Cresce,
637 1191 766 1290 puer,”
783 1191 902 1267 dixit:
933 1193 1041 1268 “tibi
1059 1217 1100 1267 se
1118 1193 1292 1269 mortalia
1308 1219 1411 1294 saepe
1437 1200 1508 1271 643

461 1307 632 1406 Corpora
648 1308 864 1383 debebunt:
894 1309 1038 1384 animes
1055 1310 1125 1386 tibi
1143 1313 1301 1413 reddere
1314 1313 1509 1412 ademptus

431 1443 432 1446 ’
460 1422 534 1498 Fas
552 1425 644 1512 erit;
674 1424 791 1522 idque
808 1427 926 1500 semel
945 1425 1015 1500 Dls
1034 1427 1317 1525 indignantibus
1335 1453 1461 1517 ausus,

459 1539 582 1614 Posse
600 1540 691 1616 dare
707 1541 779 1614 hoc
797 1541 934 1615 iterum
951 1542 1104 1644 flemma
1120 1545 1330 1643 prohiberis
1349 1546 1467 1621 avite:

460 1655 571 1755 Eque
590 1655 674 1731 Deo
689 1681 826 1756 corpus
844 1657 912 1732 fies
930 1683 1125 1758 exsangue
1140 1690 1149 1752 ;
1181 1661 1379 1761 Deusque,

459 1771 536 1858 Qui
554 1773 666 1848 modo
683 1797 822 1874 corpus
841 1797 944 1864 eras3
974 1785 1014 1850 et
1030 1777 1089 1852 bis
1107 1787 1173 1852 tua
1189 1767 1268 1852 fota
1284 1779 1452 1854 novabis.

455 1981 529 2040 teque
539 1973 627 2024 moveri
638 1971 804 2034 credebsntur,
813 1973 878 2024 unde
888 1974 960 2024 iidem

455 2049 599 2112 θεόληπτοι,
609 2049 805 2115 θεοφορούμενοι,
814 2051 960 2102 ἐνθουσιῶν-

457 2141 508 2184 τες,
518 2124 669 2174 dicebantur.
703 2123 823 2174 Dicuntur
835 2125 910 2174 Deum
921 2144 960 2176 ae·

455 2203 531 2263 cipere
543 2209 640 2261 pectore,
657 2200 760 2248 ebusum
776 2209 853 2249 tenses
862 2211 959 2264 pectore,

456 2283 561 2323 montore
577 2285 676 2336 pectoris.
701 2273 787 2323 Senes.
806 2275 889 2341 OEdip.
907 2292 958 2326 ver.

456 2349 515 2400 298.
528 2356 595 2397 vates
602 2357 692 2410 pectore
702 2351 788 2396 excutit
800 2349 884 2399 Deum.

490 2425 547 2474 642.
567 2423 660 2487 Totiens
669 2424 778 2490 salutifer
788 2425 858 2488 ortt]
893 2426 960 2476 Geb-

458 2497 547 2548 bsrdus
562 2498 622 2563 legit
634 2501 696 2556 uidi,
706 2506 731 2548 et
745 2498 776 2548 de
792 2499 871 2548 Roma
886 2503 959 2567 capit,

457 2589 506 2639 quo
523 2573 652 2622 translatus
669 2581 753 2639 postea
773 2572 895 2639 Epidauro
914 2574 961 2624 fuit

457 2647 621 2715 AEscnlspius.
653 2647 781 2696 Mirificsm
797 2647 903 2712 profecto
918 2665 960 2699 ve-

455 2729 505 2770 tem
521 2723 588 2771 nobis
605 2721 728 2772 exhibuit!
765 2721 838 2786 Totip.
852 2723 961 2790 intotiser

393 2813 396 2819 ·
455 2798 513 2847 ortt.
537 2795 766 2863 AEsculapiusenim
776 2796 836 2846 odeo
846 2807 962 2864 prestans

456 2871 483 2922 in
491 2869 619 2921 ‘Medicina
625 2871 679 2929 fuit,
686 2881 714 2921 ut
720 2871 793 2920 etiam
803 2871 961 2938 Hippolytum

457 2947 488 2996 nb
498 2944 579 2995 inferis
588 2945 750 3007 revocaverim
767 2947 936 3014 propterquod
947 2963 962 2997 e

455 3019 517 3070 Jove
528 3019 627 3069 fulmine
638 3019 683 3070 fuit
699 3019 827 3078 extinctus,
840 3036 868 3070 sc
879 3029 963 3087 postes

457 3095 526 3144 Deus
537 3094 645 3144 effeetus.
667 3094 689 3143 Α
699 3094 771 3144 Celso
781 3095 806 3144 in
814 3094 960 3160 pressum,

458 3167 612 3234 AEsonlspius
627 3177 765 3218 numeratur
780 3168 870 3235 primus
885 3169 961 3220 medi·

457 3259 509 3300 cus,
517 3241 559 3307 qui
569 3242 653 3292 rudem
664 3242 743 3293 sdhuc
753 3244 877 3296 scientium
888 3245 961 3312 paulo

457 3317 568 3366 subtilius
589 3317 727 3367 excoluerit.
760 3317 871 3368 Cliuicen
895 3335 961 3385 repe·

456 3391 516 3442 risse
527 3389 627 3440 truditur
637 3392 668 3440 eb
678 3391 770 3457 Hygin.
782 3392 832 3442 fab.
840 3393 897 3442 274.
930 3394 962 3443 Et

457 3481 545 3516 nomen
571 3467 666 3532 σωτὴρ,
685 3467 802 3534 solomfsr,
827 3468 909 3518 multis
936 3467 961 3518 in

457 3540 600 3592 summissi
617 3541 742 3590 tribuitur:
761 3541 815 3592 vido
832 3542 961 3608 Spenhem.
991 3553 994 3566 ¹

458 3614 489 3667 de
508 3617 560 3666 Usu
580 3624 606 3664 et
624 3617 761 3682 prestantis
781 3617 960 3676 numismatum,

413 3747 418 3760 .
458 3692 682 3758 p.416.etp.500.
708 3689 821 3740 Medicus
830 3692 893 3741 enim
902 3691 960 3742 felix

458 3766 555 3815 alutem
565 3764 584 3814 i.
592 3781 614 3815 e.
624 3763 786 3814 veletudinem
797 3765 876 3815 reddit
886 3782 960 3832 sagro-

459 3839 576 3892 mutibus.

489 3915 547 3964 64³.
567 3913 618 3962 Tus
635 3929 658 3962 ss
672 3915 789 3972 menotio,
807 3914 868 3979 etc]
891 3915 960 3980 Seps

457 3988 620 4038 valetudinem
637 4003 760 4054 corporum
774 4005 869 4038 suorum
884 3999 909 4038 et
924 3989 960 4040 vi·

458 4071 508 4112 tam
519 4061 563 4113 tibi
579 4062 702 4112 debebunt
714 4063 834 4115 mortales.
867 4066 962 4115 Animos

457 4139 553 4187 reddere
563 4140 686 4199 ademptas,
695 4145 798 4186 mortuos
807 4137 831 4187 in
839 4137 913 4187 vitam
924 4155 961 4188 re·

457 4227 553 4268 vocure,
564 4213 606 4260 tibi
614 4211 667 4274 fos,
681 4212 794 4278 possibile
809 4213 862 4270 erit,
877 4213 902 4262 in
919 4223 962 4264 tua

457 4295 576 4353 potestate
588 4285 640 4336 erit.
673 4286 791 4336 Pindarus
800 4289 873 4352 Pytb.
885 4289 909 4338 3.
920 4291 960 4339 83.

458 4370 547 4418 nervat,
554 4376 608 4410 eum
619 4359 745 4410 berbamm
756 4361 841 4418 succis,
850 4363 959 4413 carmini-

456 4436 513 4493 bus,
526 4435 637 4484 amuletis
647 4443 672 4484 et
683 4435 743 4485 ferro
753 4436 846 4485 morbos
856 4437 960 4495 saniem,

457 4505 558 4560 vulders
572 4517 645 4573 etque
657 4509 734 4557 colore
745 4516 787 4558 aut
797 4508 882 4572 frigore
898 4511 960 4560 mele

460 4583 546 4634 affecta
561 4598 667 4648 corpore,
682 4590 733 4631 tum
750 4581 850 4632 avaritia
868 4583 959 4633 sdduc-

460 4665 515 4708 tum·
524 4664 642 4708 mortunm
653 4656 758 4724 ediquem
767 4657 793 4708 in
806 4657 878 4708 vitam
892 4675 959 4710 revo-

1010 1977 1088 2028 cisse.
1121 1977 1214 2028 Similis
1229 1979 1508 2045 Pherecydeeetllesio·

1010 2052 1055 2102 dns
1075 2051 1230 2110 tradiderunt,
1250 2053 1314 2103 unde
1331 2053 1411 2103 Sobel.
1427 2054 1508 2120 Eurip.

1010 2125 1040 2174 nd
1051 2126 1106 2177 Alc.
1114 2129 1140 2176 2.
1149 2126 1266 2177 nonnulla
1277 2127 1354 2177 affert.

1042 2201 1101 2251 645.
1118 2203 1190 2251 Semel
1201 2200 1291 2267 nm]
1310 2204 1388 2261 Quem
1399 2201 1508 2252 AEscnla·

1009 2274 1064 2342 pius
1075 2276 1101 2324 in
1116 2275 1189 2326 vitam
1206 2276 1360 2333 revocaverit,
1373 2276 1404 2326 de
1420 2293 1449 2325 eo
1462 2275 1509 2326 dis·

1009 2349 1116 2399 sentiunt
1142 2349 1281 2416 mythologi,
1302 2349 1357 2399 aliis
1383 2351 1510 2408 Glaucum,

1010 2423 1101 2474 Minois
1130 2424 1216 2481 filium,
1245 2423 1430 2483 nominantibus,
1458 2425 1511 2474 eliis

1010 2498 1176 2565 Hippolytum,
1204 2499 1258 2549 eliis
1282 2497 1433 2565 Tyndareon,
1459 2500 1511 2550 eliis

1010 2572 1077 2624 elios.
1101 2573 1164 2644 Vide
1180 2574 1294 2640 Apollod.
1310 2574 1359 2622 111.
1374 2592 1398 2624 x.
1413 2577 1444 2636 ³5
1468 2575 1510 2624 Ze·

1010 2646 1066 2696 nob.
1077 2645 1094 2696 i.
1108 2648 1145 2696 ld.
1156 2657 1181 2696 et
1195 2649 1306 2699 Munker.
1316 2648 1347 2698 sd
1362 2649 1452 2715 Hygin.
1464 2649 1511 2698 feb.

1011 2721 1072 2772 xlix.
1104 2721 1175 2772 Henc
1188 2721 1260 2788 igitur
1273 2723 1304 2773 ob
1317 2724 1511 2774 mnsamsJove

1011 2794 1109 2846 fulmine
1120 2805 1219 2846 necatus
1230 2805 1275 2846 est.
1309 2797 1511 2865 Disindigrmuti·

1012 2871 1076 2920 lum·
1092 2871 1213 2920 Eretostlt.
1234 2873 1286 2923 τῶν
1304 2873 1367 2923 θεῶν
1387 2871 1512 2938 δυσχερῶς
1606 2905 1609 2912 ,

1011 2949 1085 2998 rubro
1094 2945 1230 3012 φερόντων,
1241 2957 1288 2996 etc.
1321 2947 1432 2998 Plutonis
1441 2948 1471 2998 de
1482 2965 1512 2998 es

1011 3035 1037 3069 re
1054 3020 1163 3086 querelas
1180 3021 1253 3071 hebet
1268 3021 1368 3072 Diodor.
1384 3022 1459 3072 Sicul.
1474 3022 1510 3072 iv.

1011 3096 1051 3144 71.
1085 3096 1290 3162 Dfsindfgnunt.;
1306 3096 1511 3147 Plutonemilicet

1011 3178 1126 3236 querente
1142 3179 1168 3221 et
1182 3173 1243 3222 Jove
1256 3171 1405 3236 indignante,
1420 3171 1510 3239 Hippo

1011 3243 1087 3312 lytum
1112 3247 1142 3295 sb
1164 3245 1233 3312 equis
1256 3246 1402 3313 discerptum
1421 3247 1511 3300 restitui

1012 3319 1043 3368 nb
1056 3319 1194 3386 AEsculepio
1210 3319 1237 3369 in
1251 3319 1303 3368 vita
1315 3335 1393 3386 posse.
1425 3321 1511 3386 virgil.

1012 3394 1110 3444 AEneid.
1121 3395 1163 3444 vii.
1176 3395 1238 3444 772:
1257 3395 1309 3458 Ipse
1321 3405 1456 3458 repeterent
1466 3413 1511 3446 me·

1010 3470 1093 3518 dicire
1110 3471 1163 3519 tulis
1181 3478 1202 3518 st
1220 3473 1278 3519 ortis
1296 3469 1406 3518 Fulmine
1421 3470 1511 3520 Plebi-

1009 3561 1092 3610 gsnum
1103 3544 1195 3610 Stygius
1205 3547 1303 3594 detmsit
1314 3547 1344 3594 od
1354 3547 1436 3594 undet.
1454 3547 1509 3594 [Εε-

1010 3617 1127 3684 culspius,
1147 3627 1172 3669 et
1196 3619 1248 3685 ipse
1273 3635 1321 3669 non
1346 3617 1397 3669 sine
1422 3619 1511 3685 flagitio

1011 3692 1130 3758 Apollinis
1147 3701 1226 3749 natus,
1243 3691 1302 3758 quid
1318 3693 1376 3742 feeit
1392 3692 1458 3742 aliod
1474 3692 1511 3742 di·

1009 3766 1070 3816 vinis
1085 3767 1212 3818 bonoribus
1223 3767 1332 3833 dignum,
1343 3768 1388 3818 nisi
1398 3769 1461 3834 quod
1472 3785 1510 3818 sa-

1009 3841 1077 3891 navit
1101 3842 1278 3909 Hippolytum!
1321 3843 1426 3892 Mortem
1452 3859 1510 3893 saue

1010 3915 1095 3966 habuit
1108 3918 1239 3975 clariorem,
1249 3917 1313 3983 quod
1329 3933 1345 3966 n
1359 3917 1412 3967 Deo
1427 3917 1512 3968 meruit

1011 3990 1140 4042 fulminari.
1373 3993 1374 3996 ’

1043 4066 1100 4114 646.
1115 4067 1265 4134 Proditionis]
1283 4067 1390 4116 Prtesens
1406 4081 1448 4131 pro
1464 4067 1511 4116 Fu·

1011 4148 1072 4198 turo,
1088 4141 1146 4207 quis
1162 4150 1229 4192 vates
1246 4142 1326 4192 future
1344 4151 1370 4191 ut
1386 4142 1512 4207 pr'tesentis

1010 4215 1055 4263 sibi
1075 4214 1176 4280 fingunt.
1214 4217 1256 4266 Bis
1275 4227 1317 4265 tuo
1329 4218 1388 4282 sato
1409 4220 1509 4275 meabit,

1010 4288 1130 4354 duplicem
1148 4292 1275 4358 experieris
1292 4291 1510 4357 metamorphosin:

1011 4361 1087 4428 primo
1104 4379 1117 4412 e
1135 4365 1217 4414 matris
1235 4364 1357 4415 morientis
1374 4376 1442 4414 utero
1457 4381 1511 4431 rap·

1010 4446 1049 4486 tus
1058 4455 1065 4497 5
1081 4439 1186 4488 secundo
1202 4439 1244 4490 ubi
1262 4455 1277 4488 e
1295 4439 1401 4489 fulminis
1421 4442 1511 4490 confla-

1010 4511 1116 4576 gmtione
1132 4514 1276 4564 reviviscens
1289 4514 1439 4564 divinitatem
1454 4531 1508 4565 eon·

1010 4599 1170 4711 {serpentum
1206 4588 1460 4653 Noceresicetdll,
1476 4590 1511 4639 ni.
