3552 5984
399 923 636 1000 candidissime,
660 930 816 1006 quantum
844 917 890 983 illi
925 939 1007 983 onus
1035 917 1248 998 incumberet,
1277 919 1335 1004 qui
1362 929 1448 1015 totos

400 1042 553 1108 Ovidiani
581 1041 720 1128 aequoris
746 1047 869 1104 tractem
891 1027 1037 1122 relegeie
1060 1037 1121 1103 sibi
1145 1038 1370 1122 proposuerit;
1393 1039 1450 1123 qui

400 1142 529 1245 poeturlr
552 1159 693 1226 omnium
709 1178 792 1242 quos
814 1155 951 1233 noveris,
968 1175 1077 1220 rerum
1099 1155 1249 1220 ubertate
1271 1155 1452 1242 copiosissi-

401 1301 499 1358 mum,
513 1279 667 1345 varietate
691 1284 954 1362 argumentorum
977 1284 1012 1339 et
1029 1274 1100 1359 ipsa
1121 1275 1282 1340 tractandi
1298 1273 1452 1342 felicitate

402 1395 480 1462 nulli
494 1397 683 1474 secundum,
699 1396 821 1462 cunetis
835 1393 904 1460 lere
921 1395 1072 1480 priorem,
1087 1395 1354 1460 commentatione
1369 1415 1453 1459 nova
1591 1425 1605 1434 2

401 1515 626 1580 illustrandum
645 1513 834 1598 susceperit.
880 1509 919 1576 In
935 1509 991 1576 illo
1005 1513 1138 1598 quippe,
1153 1512 1210 1596 qui
1228 1521 1355 1577 tantum
1369 1532 1453 1597 opus

403 1635 445 1700 sd
465 1635 587 1700 exitum
601 1631 738 1698 voluerit
754 1630 947 1718 perducere,
961 1631 1091 1715 vigeant
1109 1652 1243 1696 necesse
1259 1639 1309 1696 est
1325 1640 1360 1696 et
1378 1651 1453 1696 con·

404 1755 538 1839 spirent,
562 1773 628 1816 non
652 1748 748 1816 modo
773 1745 933 1833 quidquid
958 1745 1123 1813 literarum
1147 1749 1351 1833 antiquarum
1375 1771 1454 1814 usus

404 1869 566 1936 facilioris
589 1879 624 1934 et
647 1868 741 1953 quasi
765 1866 983 1952 quotidianus,
1006 1866 1133 1956 roboris
1156 1877 1190 1932 et
1211 1869 1390 1932 ornamenti
1411 1867 1454 1933 ad

404 1988 618 2056 excolendum
632 1987 795 2072 ingenium
810 1983 958 2050 conferre
971 1986 1135 2070 potuerit3
1149 1985 1308 2072 quidquid
1322 2007 1364 2054 ex
1378 1985 1456 2051 essi-

405 2109 472 2174 dua
488 2108 522 2172 in
536 2107 655 2172 vicinas
674 2105 823 2190 regiones
843 2104 1104 2190 peregrinatione
1124 2105 1332 2190 irnportatum
1354 2107 1389 2171 in
1408 2105 1456 2172 rei

405 2239 524 2294 nostrae
537 2225 709 2292 utilitatem
722 2223 918 2303 effloruerit3
941 2225 999 2290 sed
1018 2236 1053 2291 et
1066 2225 1201 2292 accedat
1215 2246 1347 2310 quoque
1360 2247 1457 2310 opor·

406 2357 466 2424 tet,
489 2344 633 2430 corporis
656 2341 821 2421 valetudo,
843 2363 918 2427 quae
941 2342 975 2408 in
1000 2364 1100 2429 opere
1125 2353 1192 2408 tam
1214 2341 1312 2429 longo
1337 2341 1457 2428 ingenii

405 2466 490 2530 vires
504 2474 701 2549 torpescere,
711 2459 764 2528 vel
774 2461 950 2528 hebescere
964 2483 1100 2528 acumen
1111 2484 1177 2527 non
1187 2463 1339 2548 patietur.
1371 2462 1458 2538 Quae

407 2584 435 2648 si
458 2582 525 2648 lato
543 2583 685 2668 quodam
701 2603 785 2659 meo,
803 2581 838 2646 in
855 2604 922 2647 uno
940 2581 1120 2668 eodemque
1134 2583 1204 2647 viro
1223 2582 1458 2660 convenissent,

406 2701 494 2769 hunc
512 2723 576 2787 ego
596 2711 819 2787 portentosum
838 2699 1006 2794 quiddam,
1029 2707 1051 2738 “
1066 2723 1171 2766 reram
1190 2701 1285 2781 evim,
1300 2702 1459 2788 nigroque

408 2843 511 2907 cyeno
537 2819 756 2898 simillimam,”
775 2817 894 2886 duven.
914 2829 975 2886 set.
991 2819 1033 2885 vi.
1057 2819 1129 2898 165,
1150 2819 1259 2886 dicere
1280 2841 1346 2886 non
1366 2820 1460 2887 dubi·
1480 2835 1483 2846 ·

408 2942 551 3007 laverim.

453 3053 694 3124 Providendum
717 3079 796 3143 ergo
820 3055 899 3128 mihi
924 3055 996 3135 fuit,
1020 3067 1069 3135 ut,
1091 3069 1238 3124 cessante
1264 3059 1306 3124 sd
1332 3069 1460 3145 tempus

409 3153 534 3262 collega
547 3187 582 3242 et
595 3175 708 3254 antico,
723 3198 819 3261 quem
832 3186 937 3242 totum
955 3175 1034 3242 mihi
1052 3178 1196 3263 meisque
1211 3178 1364 3245 devotum
1377 3181 1462 3266 jam·

410 3296 537 3382 pridem
556 3295 718 3380 experior,
735 3294 933 3379 memorique
952 3293 1097 3380 gratulor
1117 3297 1233 3376 animo,
1249 3295 1331 3362 alius
1351 3319 1462 3366 succe·

411 3415 514 3492 deret,
535 3414 676 3499 quinon
697 3397 802 3498 impar
821 3412 926 3479 labori
947 3412 1093 3493 ferendo,
1114 3414 1335 3480 conclamandi
1356 3415 1461 3482 locum

412 3543 600 3620 suppeteret
624 3511 818 3611 lectoribus3
845 3529 995 3596 “Primo
1016 3531 1138 3617 avulso,
1160 3555 1226 3598 non
1248 3533 1359 3600 deficit
1380 3533 1463 3600 alter

411 3651 543 3718 Aureus
551 3652 578 3718 l”
600 3651 693 3740 Virg.
710 3651 790 3720 AEn.
806 3651 847 3716 vi.
867 3651 940 3717 lto.
984 3649 1058 3718 Nec
1073 3653 1232 3737 quaerenti
1246 3653 1303 3718 diu
1317 3651 1396 3744 mibi
1409 3675 1464 3720 oc·

410 3771 512 3838 curse
535 3771 648 3836 emm
669 3793 802 3857 prosus
831 3771 951 3836 meam
971 3772 1031 3851 vir,
1055 3769 1106 3838 cl.
1131 3771 1463 3838 GontieuErdmann

413 3887 556 3968 Gremo,
571 3887 756 3954 Tremoniae
778 3889 942 3974 quondam
962 3887 1132 3956 Professor
1153 3889 1391 3968 celeberrimus,
1407 3891 1464 3957 de·

412 4005 488 4072 inde
511 4005 692 4072 scholarum
715 4007 897 4085 Rector,in
920 4007 1085 4074 Montensi
1107 4006 1259 4088 Ducatu;
1282 4011 1348 4096 qui,
1363 4033 1464 4095 quum

414 4145 498 4190 anno
530 4125 623 4202 1779,
650 4125 812 4211 specimen
833 4127 902 4211 jem
924 4125 1079 4192 edidisset
1102 4125 1335 4194 Ovidianarum
1358 4127 1465 4193 Mete-

413 4243 640 4330 morphoeeon,
659 4245 821 4330 integrum
842 4265 925 4329 opus
945 4245 1061 4322 emisit,
1079 4265 1164 4312 anno
1183 4247 1335 4325 1784-87,
1353 4269 1395 4312 ex
1414 4268 1465 4313 re·

414 4365 564 4430 censione
585 4361 625 4428 P.
643 4361 830 4442 Burmatmi,
845 4363 1001 4430 varietate
1015 4363 1173 4444 lectionis,
1193 4376 1228 4432 et
1246 4366 1331 4432 uotis
1348 4387 1465 4452 perpe·

415 4481 479 4547 tuis
497 4481 699 4548 illustratum.
745 4479 846 4555 Quod
866 4480 998 4565 quidem
1019 4503 1102 4568 opus
1120 4482 1303 4570 perlegenti
1321 4481 1464 4561 cuilibet,

415 4613 449 4668 et
471 4571 540 4670 sin'e
562 4601 671 4668 studio
693 4599 902 4680 examinanti,
921 4621 987 4665 uon
1008 4600 1176 4687 indiguum
1195 4602 1355 4684 videatur,
1375 4600 1465 4688 quod
