3518 6008
483 775 548 842 456

775 779 814 846 r.
838 780 1000 848 ovrnrr
1025 781 1237 850 unsours
1268 757 1282 766 ”

488 949 574 1026 Νοιι
592 965 772 1054 exempta
787 955 883 1030 foret
899 981 1041 1055 poeuae:
1069 957 1165 1055 fugit
1181 959 1269 1044 alta,
1287 981 1475 1058 superque

487 1065 621 1143 Pelion
639 1073 871 1160 umbrosum,
890 1073 1158 1174 Philyreiaque
1172 1085 1286 1162 tecta,
1305 1098 1496 1174 superque

490 1180 654 1284 Othryn,
673 1199 712 1262 et
728 1200 865 1264 eventu
880 1191 1016 1266 veteris
1034 1194 1119 1294 loca
1134 1203 1225 1268 uota
1240 1191 1430 1268 Cerambi.

390 1330 392 1334 ·
492 1297 566 1373 Hie
581 1327 654 1402 ope
671 1303 935 1406 Nympharum
952 1311 1124 1384 sublatus
1140 1311 1179 1384 in
1197 1335 1284 1386 aera
1300 1309 1447 1408 pennis,

491 1414 619 1500 Quum
637 1424 759 1517 gravis
777 1423 900 1500 infuso
917 1427 1029 1501 tellus
1046 1427 1142 1502 foret
1157 1429 1294 1503 obruta
1309 1437 1438 1526 ponto,
1459 1429 1534 1500 355

492 1531 767 1614 Deucalioneas
784 1539 916 1641 effugit
932 1546 1126 1621 inobrutus
1144 1546 1276 1620 undas.

491 1648 650 1728 AEoliam
669 1655 834 1732 Pitanen
850 1683 872 1733 a
888 1661 983 1736 laeva
999 1672 1106 1762 parte
1122 1661 1312 1760 relinquit,

493 1765 685 1869 Factaque
701 1774 750 1848 de
767 1799 861 1850 saxo
877 1778 979 1876 longi
996 1779 1196 1854 simulacra
1211 1777 1404 1866 draconisi

491 1882 713 1987 ldaeumque
731 1915 885 1984 nemus3
915 1919 1003 1993 quo,
1022 1897 1101 1970 nati
1114 1895 1224 1982 fruta,
1237 1897 1443 1992 juvencum

492 1997 671 2080 Occuluit
688 2005 799 2083 Liber
815 2009 900 2084 falsi
917 2012 989 2086 sub
1007 2013 1169 2110 imagine
1185 2011 1306 2099 cervi3

1456 2010 1533 2082 360
1571 2048 1574 2052 ·

372 2185 380 2201 ,
489 2114 652 2219 Quaque
669 2138 777 2223 pater
790 2127 950 2227 Corythi
967 2154 1082 2230 parva
1097 2130 1304 2204 tumulatus
1320 2149 1454 2212 arena;

488 2353 570 2401 arasque
587 2341 696 2392 tribuisse
712 2344 757 2394 alis
773 2347 887 2412 majorum
902 2343 983 2396 avium

486 2419 510 2458 at
529 2412 647 2477 piscibus:
666 2416 746 2482 itaque
761 2435 787 2468 se
805 2436 851 2468 non
868 2421 987 2488 simplici·-

485 2493 522 2532 ter
542 2487 586 2536 hoc
603 2489 662 2547 loeo,
679 2491 793 2543 damnare
808 2506 918 2557 pmuutot
931 2513 981 2546 ser·

485 2569 576 2624 mutes.

518 2637 574 2686 351.
585 2640 656 2698 Δίκας
674 2641 698 2690 in
709 2657 772 2699 aere,
790 2651 817 2694 ut
833 2643 893 2693 alias
911 2648 981 2694 sahli-

482 2712 532 2760 tait.
568 2713 866 2781 Pelion—Philyreiaque5
887 2734 982 2786 expres-

483 2784 514 2834 sit
532 2787 703 2848 Callimachus,
725 2793 817 2856 Hymn.
838 2793 896 2842 Del.
916 2796 961 2844 lla
975 2807 991 2844 τ’

483 2859 582 2920 Πήλιον
602 2865 621 2913 ὦ
649 2865 759 2930 Φιλύρης
781 2866 912 2931 araphan.
951 2869 981 2918 In

484 2935 549 2986 Pelio
563 2948 642 2988 monte
651 2939 745 3005 Jupiter
755 2943 917 2992 concubuerat
926 2958 980 2992 cuns

483 3009 592 3075 Philyra,
606 3011 670 3062 nude
688 3023 760 3064 natus
775 3014 874 3064 Chiron.
909 3016 980 3082 Regii

481 3085 554 3136 nostri
564 3085 653 3136 habent
665 3087 837 3152 Philyreiaque,
848 3091 980 3154 qunlactio

480 3161 629 3225 prestantior
636 3162 689 3227 jure
701 3163 752 3212 visa
766 3172 804 3213 est
819 3164 917 3214 Robcrt.
927 3167 978 3215 Ste-

480 3234 553 3300 phan.
573 3251 655 3301 quam,
677 3237 740 3302 quod
763 3238 846 3305 Gierig
872 3239 978 3299 dederat,

483 3309 643 3374 Philyreique.
669 3311 764 3360 Erravit
774 3321 838 3370 certe
848 3313 912 3362 idem
923 3315 978 3364 Gie-

480 3385 526 3449 rig,
537 3401 611 3449 quum
627 3385 737 3436 hocloco
749 3386 836 3436 dixerit
850 3403 878 3436 en
890 3403 977 3439 concu-

479 3459 531 3508 bitu
542 3459 605 3508 Jaais
620 3475 676 3509 cum
693 3461 791 3527 Philyra
805 3473 888 3511 natum
905 3463 978 3514 fuisse

480 3531 600 3595 Chirona;
617 3534 672 3584 vide
690 3551 744 3601 quar
760 3534 860 3585 certiora
876 3536 901 3584 in
919 3537 979 3588 libro

478 3607 504 3656 ii.
515 3609 580 3658 676:
600 3609 680 3659 ethic
699 3608 824 3666 addemus,
841 3611 978 3670 Saturnum,

478 3699 552 3747 quum
563 3683 635 3733 Rhea
647 3684 733 3750 conjux
750 3699 805 3734 eum
816 3684 920 3750 Philyres
935 3687 979 3736 ad-

363 3785 367 3796 ·
477 3757 640 3809 blandientem
650 3759 757 3817 uidisset,
767 3760 811 3808 sub
828 3759 904 3808 forma
922 3762 978 3826 equi

479 3831 614 3898 aufugiam
637 3842 662 3882 et
682 3833 804 3898 Philyram
825 3845 978 3899 perurentes

477 3907 630 3972 Pelasgorum
642 3909 766 3965 erravisse,
778 3908 903 3972 inquibus
917 3908 976 3958 Chi·

476 3995 533 4030 rona
549 3991 619 4046 partu
636 3981 727 4041 edidit;
743 3997 791 4046 quo
806 3991 910 4032 monstro
924 3983 975 4032 viso

476 4053 611 4112 abhorrens,
621 4055 705 4122 petivit
719 4071 734 4104 a
745 4055 799 4106 Diis
809 4065 836 4106 ut
846 4071 891 4106 sua
900 4057 975 4107 lorma

476 4139 613 4187 mutaretur,
632 4139 657 4180 et
677 4129 774 4195 quidem
794 4131 819 4180 in
838 4131 915 4180 tiliam
936 4147 973 4182 ar·

475 4205 556 4254 barem
567 4205 612 4254 fuit
622 4213 722 4255 mnata.
744 4205 855 4264 Emtae,
865 4205 959 4256 fortuna
965 4225 973 4268 ;

476 4279 522 4329 hoc
533 4279 585 4330 loco
595 4277 712 4338 mutatio;
730 4297 755 4328 s.
765 4281 823 4329 600.
838 4285 972 4343 euentuja·

474 4371 557 4404 uenum
573 4355 705 4410 deterritus,
722 4353 835 4414 interitu3
852 4353 903 4403 xiii.
916 4355 973 4404 506.

478 4430 612 4492 Boeotaque
636 4431 703 4494 path
721 4429 796 4492 finita
823 4439 857 4478 est
881 4431 974 4491 publicu

474 4505 556 4558 clama,
567 4502 668 4552 excidio.
687 4503 776 4551 Veteris
784 4502 889 4551 casati
895 4521 903 4560 ,·
915 4502 973 4567 quia

1035 2349 1164 2404 Tarentus,
1175 2347 1206 2395 nd
1222 2345 1307 2412 pedem
1320 2345 1417 2408 Othryor
1432 2341 1529 2396 munds,

1032 2439 1047 2472 a
1059 2423 1170 2486 Nymphis
1180 2421 1244 2470 iratis
1260 2420 1284 2470 in
1294 2419 1440 2468 scarabeum
1451 2415 1528 2464 corni-

1031 2513 1122 2563 gerum,
1138 2495 1179 2562 qui
1198 2493 1290 2546 Grecis
1307 2493 1418 2542 saratha
1432 2489 1533 2548 dicitur,

1032 2578 1137 2619 mutatus
1152 2577 1197 2618 est.
1229 2568 1277 2624 Ibi,
1295 2567 1346 2616 sinc
1362 2564 1445 2622 dubio,
1459 2573 1487 2612 ut
1503 2564 1529 2611 in

1032 2645 1076 2694 hoc
1102 2644 1162 2702 loeo,
1183 2643 1304 2692 Carambin
1329 2639 1457 2706 legendum
1484 2648 1528 2694 est,

1031 2720 1094 2785 quod
1105 2719 1176 2768 docet
1185 2735 1229 2768 vos
1241 2719 1361 2766 manhu.

1064 2795 1122 2844 354.
1135 2793 1245 2841 Sublatus
1254 2799 1279 2841 t'tt
1289 2808 1344 2840 aera
1355 2790 1437 2854 paruis
1449 2796 1528 2854 polest

1031 2868 1209 2918 circumlocutio
1234 2868 1299 2916 illins
1325 2863 1441 2916 senabaei
1467 2877 1528 2912 esse.

1032 2943 1132 3002 Gravia·
1150 2942 1268 3007 Equidem
1283 2941 1422 3005 interpretur
1438 2937 1526 3004 ponde·

1030 3033 1106 3067 msam
1116 3036 1123 3076 ;
1140 3017 1265 3084 opponitur
1274 3015 1338 3066 enim
1348 3012 1379 3070 ei,
1391 3011 1432 3078 qni
1442 3013 1527 3078 pennis

1030 3092 1120 3142 tollitur
1133 3091 1157 3140 in
1172 3080 1236 3147 nera}
1246 3091 1306 3141 levis
1320 3086 1411 3156 pendet
1422 3086 1448 3136 in
1462 3103 1526 3144 aere,

1029 3166 1126 3216 levitate
1140 3180 1185 3215 sun
1201 3164 1285 3230 cffugit
1302 3159 1444 3228 pericnlum.
1481 3162 1526 3208 Oh·

1028 3243 1243 3296 ntra-iaruman,
1259 3248 1287 3288 nt
1297 3235 1347 3286 viii.
1355 3237 1414 3284 044.
1426 3237 1525 3285 Attenu-

1028 3317 1268 3364 diat-inattenuata.

1061 3390 1117 3438 ³⁵8.
1132 3389 1204 3454 Longi
1215 3389 1336 3436 musalms
1347 3389 1469 3443 damma,-
1486 3383 1523 3432 in·

1029 3462 1116 3528 telligit
1136 3462 1252 3527 Micyllus
1268 3460 1379 3510 lamiam
1396 3463 1524 3515 draconeto,

1027 3536 1097 3601 cujus
1108 3536 1180 3586 etiam
1191 3536 1225 3584 xi.
1237 3538 1278 3585 50.
1288 3535 1421 3584 mentioht.
1448 3535 1525 3582 Liberi

1027 3623 1118 3670 aarum,
1136 3611 1284 3676 Thyoneum,
1299 3609 1410 3675 Phrygiis
1427 3609 1525 3675 pastori·

1027 3685 1071 3734 bus
1086 3686 1217 3751 juvencum
1236 3683 1344 3749 abegisse
1361 3682 1435 3732 tradit
1448 3679 1528 3748 glossa

1026 3760 1123 3810 Codicis
1133 3759 1253 3810 Manerdi.

1059 3834 1116 3882 ³61.
1126 3833 1198 3882 Pater
1208 3835 1304 3897 Corythi
1314 3831 1360 3882 tait
1369 3831 1439 3882 Paris
1450 3851 1456 3880 :
1474 3833 1524 3883 vid.

1029 3907 1167 3956 Parrhasius
1185 3907 1216 3958 ad
1232 3906 1403 3964 Claudianum,
1419 3907 1494 3973 Rapt.
1508 3908 1524 3956 i.

1027 3982 1081 4031 199.
1116 3981 1265 4040 lbnulntur,
1281 3981 1398 4048 sepultas,
1415 3982 1524 4032 conditus

1024 4067 1070 4105 nst.
1111 4055 1192 4106 Mera.
1215 4057 1310 4122 Regius
1327 4057 1441 4122 intelligit
1461 4058 1523 4106 Με-

1024 4145 1083 4189 rem,
1102 4130 1164 4180 lcari
1186 4147 1283 4188 canem,
1303 4147 1358 4196 qun
1380 4131 1486 4190 Icarum,
1508 4149 1523 4182 a

1022 4205 1117 4254 rusticis
1142 4205 1231 4256 Atticis
1253 4206 1413 4263 interiectum,
1435 4206 1523 4256 latratu

1022 4295 1066 4328 suo
1082 4279 1204 4338 indicarit,
1214 4290 1239 4330 et
1248 4279 1348 4346 posthac
1358 4295 1415 4330 curn
1427 4279 1523 4330 domino

1024 4368 1067 4402 auo
1078 4353 1140 4404 iuter
1150 4353 1229 4404 sidera
1241 4355 1316 4404 relata
1332 4363 1385 4403 est:
1404 4353 1522 4420 Hyginus,

1023 4425 1178 4488 fabula1505
1194 4427 1275 4478 Schol.
1286 4426 1423 4478 Germanici
1434 4427 1465 4476 ad
1474 4427 1522 4478 Ca·

1022 4517 1086 4558 uem,
1096 4518 1123 4567 p.
1136 4505 1193 4552 lau.
1221 4502 1270 4552 Sed
1280 4502 1375 4552 ridetur
1385 4502 1436 4552 hee
1448 4505 1523 4552 blera

476 4575 630 4626 Deucalionis
638 4585 743 4640 tempure
755 4575 848 4624 vixerit.
867 4575 973 4625 Auctore
1022 4576 1101 4639 potius
1121 4576 1203 4642 puella
1220 4575 1294 4626 luisse
1310 4577 1335 4625 in
1352 4591 1437 4625 ornem
1449 4591 1523 4626 rust.

475 4647 598 4699 Nicandro
611 4649 673 4716 apud
686 4649 833 4698 Antoninum
844 4647 921 4700 Liber.
932 4651 973 4700 22.
1023 4649 1062 4698 Sic
1077 4649 1150 4700 etiam
1167 4651 1316 4708 lactantius,
1328 4649 1354 4699 in
1365 4650 1522 4716 Argumenta.
