3468 5994
230 791 236 801 ’
335 813 338 820 ·
412 779 884 848 METAMORPHOSEON
907 781 998 847 Lru.
1023 781 1085 848 IV.
1203 781 1269 848 ³01·

222 953 472 1032 Descendunt
487 958 586 1046 illac,
605 957 881 1056 simulacraque
897 955 1027 1032 functa
1044 955 1240 1056 sepulcris.

222 1071 362 1162 Pallor,
378 1073 586 1174 Hiemsque
604 1085 735 1148 tenent
749 1074 826 1148 late
837 1075 922 1148 loca
938 1083 1068 1162 senta3
1090 1073 1265 1170 novique,

221 1191 308 1276 Qua
322 1193 373 1267 sit
387 1192 470 1281 iter,
481 1217 624 1278 manes,
638 1191 811 1290 Stygiam
826 1191 928 1290 quod
941 1190 1046 1279 ducit
1058 1191 1106 1264 ad
1121 1190 1267 1276 urbem,

223 1307 405 1406 Ignorant
415 1338 425 1401 ;
454 1311 519 1384 ubi
537 1311 587 1385 sit
603 1309 701 1408 nigri
718 1309 798 1384 fera
814 1308 918 1404 regia
935 1306 1048 1381 Ditis.

223 1423 331 1501 Mille
349 1449 471 1525 capax
489 1426 627 1514 aditus,
646 1435 686 1501 et
703 1433 854 1525 apertas
870 1423 1039 1523 undique
1055 1431 1184 1522 portas

223 1539 325 1616 Urbs
336 1543 472 1618 habet:
486 1554 604 1641 utque
614 1541 752 1616 fretum
762 1542 810 1616 de
820 1551 901 1615 tota
910 1539 1066 1614 flumina
1074 1549 1185 1626 terra,
1193 1542 1269 1612 440

224 1659 288 1734 Sic
307 1683 438 1737 omnes
456 1661 601 1734 animas
619 1661 724 1734 locus
743 1660 883 1758 accipit
898 1657 985 1746 ille;
1014 1682 1083 1732 nec
1100 1657 1167 1730 ulli

224 1773 396 1875 Exiguus
409 1777 550 1876 populo
568 1787 639 1864 est,
658 1776 854 1850 turbamve
869 1776 1050 1850 accedere
1068 1774 1194 1848 sentit.
1310 1859 1318 1864 ,

225 1891 363 1968 Errant
379 1917 593 1992 exsangues
612 1892 693 1968 sine
710 1915 866 1991 corpure
883 1901 923 1966 et
939 1891 1088 1966 ossibus
1102 1891 1266 1978 umbrae3

225 2007 397 2110 Parsque
414 2012 532 2086 forum
548 2011 754 2098 celebrant,
773 2033 861 2110 pars
879 2009 944 2083 imi
960 2018 1063 2084 tecta
1078 2007 1249 2107 tyranni3

224 2267 264 2302 sn.
290 2251 356 2303 luere
368 2253 463 2320 egregie
476 2252 553 2320 pingit
566 2254 633 2304 lenta
642 2251 735 2320 Stygis·
774 2257 813 2304 la.
830 2257 898 2319 niger
912 2269 970 2318 gres
983 2253 1014 2302 do
1032 2251 1149 2302 menibus.
1183 2252 1269 2314 cupas,

224 2328 321 2378 fluenta.
357 2330 416 2395 Styx
435 2330 506 2387 enirn,
523 2329 579 2378 iimo
597 2329 681 2395 plenus
697 2337 723 2379 et
772 2327 834 2396 ᾅδης
843 2325 996 2387 πολυδέκτης
1006 2335 1031 2375 et
1042 2323 1188 2384 πανδοκεύς.
1215 2327 1271 2374 Non

223 2402 340 2461 turbidus,
351 2403 417 2454 tarde
428 2418 504 2469 squas
518 2419 573 2454 sues
583 2403 667 2462 volvit,
678 2419 721 2468 pn·
772 2404 835 2452 male
852 2399 974 2468 capacitas
986 2401 1029 2449 iila
1043 2399 1174 2448 illustratur
1187 2398 1269 2448 simili-

224 2475 322 2543 indique
328 2477 427 2528 similior
435 2488 481 2536 est,
488 2493 561 2545 quem
572 2477 652 2528 fluvio.
672 2479 721 2528 Ho-
772 2476 864 2533 tudine,
882 2492 936 2541 quse
953 2474 1027 2525 ctiam
1038 2473 1089 2524 viii.
1106 2475 1162 2524 ⁸³5.
1176 2472 1271 2538 legitor.

223 2561 267 2602 nt.
277 2552 314 2603 11.
325 2552 374 2603 Od.
384 2552 432 2604 siv.
445 2554 475 2602 17
485 2572 492 2600 ι
502 2555 605 2619 flumine
612 2555 723 2620 languido
772 2553 877 2615 Aprrtos.
899 2549 968 2614 Virg.
983 2550 1043 2599 AEn,
1056 2547 1091 2598 ri.
1108 2548 1169 2597 12⁷:
1189 2547 1271 2598 Noctes

225 2626 318 2691 Coeytos
333 2643 423 2678 mons.
446 2627 543 2686 Noster,
559 2628 593 2677 ir.
610 2628 681 2678 Pont.
697 2643 722 2678 s.
770 2628 1109 2691 otqsudiespntetotrijonuc
1120 2624 1194 2673 Ditis.
1223 2625 1269 2672 Lo-

223 2701 264 2750 61.
278 2703 348 2768 pigra
356 2704 433 2764 psius.
458 2701 641 2768 &contraque
653 2701 723 2752 modo
771 2717 811 2754 cus
829 2701 913 2764 occipit
931 2701 979 2750 itte.
1011 2699 1074 2748 Nem
1094 2714 1168 2746 ornnes
1184 2696 1269 2748 eodem

222 2783 491 2842 eroenemntcorpora
507 2779 627 2826 moxnooi
640 2792 724 2826 monn.
770 2774 884 2840 cogimur.
927 2774 995 2840 Virg.
1021 2771 1121 2822 AEneid.
1148 2771 1176 2821 ii.
1199 2773 1269 2821 716:

223 2849 353 2898 sinemo
369 2847 466 2906 mam,
483 2865 582 2916 corpora
598 2849 723 2908 iilerena,
773 2850 842 2900 Hono
861 2867 889 2902 s:
908 2853 995 2900 diverso
1016 2849 1088 2898 sedere
1111 2849 1225 2898 minam
1244 2850 1271 2896 irs

222 2922 361 2989 dequibus
381 2924 412 2974 cd
429 2940 524 2974 versum
540 2925 597 2974 443.
630 2925 723 2974 Forento
771 2941 850 2974 emm.

221 3000 338 3061 reputeris,
353 2999 447 3064 sepulte
465 3008 491 3048 et
502 2997 612 3050 humata.
641 2999 723 3048 Mones
804 3000 861 3049 443.
879 2999 968 3048 Errant
981 2995 1124 3062 mogun]
1143 2995 1179 3044 Ex
1193 2994 1269 3061 opini-

222 3075 328 3136 ssputtos,
340 3073 408 3138 Virg.
418 3074 476 3122 AEn.
485 3072 520 3121 iv.
527 3074 568 3122 34.
586 3071 722 3124 inhumatis
771 3089 816 3124 one
838 3075 963 3130 Vetemm‚
982 3071 1077 3129 anime,
1096 3071 1204 3136 deposito
1224 3069 1270 3120 boo

222 3163 270 3196 non
280 3145 369 3196 licebat
378 3146 475 3198 transire
485 3149 592 3212 Stygem.
770 3163 868 3214 corpore
887 3147 1000 3204 terrestri,
1015 3143 1147 3196 umbratico
1166 3144 1270 3209 quodem

255 3223 312 3272 436.
325 3221 721 3287 Potior,iiiensqus.]Virg.etism
760 3223 796 3272 'et
808 3223 875 3273 tenui
889 3221 979 3272 indutu
992 3220 1115 3277 incedunt,
1125 3219 1189 3286 quod
1205 3229 1271 3270 caret

223 3295 334 3354 Luctum,
350 3295 436 3354 Cures,
450 3297 549 3346 Morbos
564 3313 592 3346 eo
608 3298 720 3348 collocat.
771 3307 796 3348 et
811 3298 927 3363 sanguine
942 3305 969 3348 ot
982 3312 1081 3359 corpore,
1091 3295 1110 3344 i.
1122 3310 1144 3344 e.
1155 3310 1234 3352 cerne,
1246 3303 1271 3344 et

223 3371 319 3420 Puta
338 3387 411 3436 regnu
435 3369 570 3429 infernmm
592 3371 650 3420 AEn.
669 3371 719 3422 viii,

221 3447 280 3496 244.
308 3446 369 3496 Ioco
387 3456 459 3504 unta,
479 3445 570 3496 inculta
584 3455 608 3496 et
626 3461 719 3512 espen,

222 3519 248 3568 in
268 3519 356 3585 quibus
371 3523 432 3577 novi,
446 3520 553 3585 adeoque
571 3519 673 3586 regionis
690 3519 719 3570 il-

221 3593 270 3644 tius
282 3593 367 3658 ignari,
378 3611 454 3644 manes
464 3594 504 3644 vix
518 3593 564 3644 iter
577 3595 719 3660 investigere

222 3668 400 3733 putantquod
408 3668 483 3725 ducit,
493 3675 542 3718 etc.
566 3667 657 3723 Quusit
666 3673 719 3720 iter.

222 3741 337 3792 Heinsius
351 3745 500 3810 conjecturat
516 3760 563 3807 qus
571 3745 606 3806 fit
621 3748 720 3802 ,treme

221 3817 288 3868 delet
296 3833 389 3868 versum
403 3828 551 3884 sequentem,
562 3826 590 3868 nt
600 3818 644 3868 boc
654 3818 719 3869 dics·

221 3901 269 3950 tur.
279 3891 324 3943 iter
334 3901 408 3944 totum
419 3893 521 3944 obsideri
536 3909 551 3943 e
564 3894 631 3944 noris
644 3895 720 3944 mani-

220 3969 275 4018 bus.
301 3969 454 4018 Burmannus
463 3975 545 4019 oontrs
558 3979 639 4018 monet
648 3984 720 4020 soce-

221 4042 305 4094 bnlnm
315 4045 369 4092 noni
378 4043 498 4110 postulare
509 4043 641 4109 sequentia.
668 4045 721 4109 Sty·

219 4121 262 4184 gis
285 4119 346 4174 orbs,
367 4117 437 4168 sedes
461 4117 588 4168 inferorum
610 4117 642 4168 sd
664 4119 719 4183 Sty·

220 4207 285 4258 genn,
300 4207 355 4258 que
369 4208 444 4258 quom
460 4192 550 4242 babent
563 4208 652 4252 muros,
667 4209 720 4258 por-

221 4275 269 4324 tus,
278 4267 377 4332 regiam,
387 4266 472 4326 somn,
482 4275 546 4318 recte
561 4267 649 4318 dicitur
658 4271 720 4319 urbs.

221 4342 296 4408 Nigri
303 4343 362 4408 sero
378 4345 443 4408 regio
453 4343 525 4392 Ditis.
552 4342 629 4409 Epist.
641 4342 667 4392 ii.
679 4345 720 4394 ⁷2.

218 4418 286 4481 nigri
302 4419 367 4482 regio
382 4433 440 4466 caea
456 4419 518 4475 Deir
536 4416 672 4481 virg-En.
684 4417 719 4466 vi.

221 4490 281 4539 127.
298 4493 347 4539 atei
358 4493 439 4553 jomro
456 4490 525 4540 Ditis.
558 4490 655 4548 Omnia,
666 4507 720 4556 qua

216 4563 253 4616 ed
278 4564 406 4614 Plutonem
432 4563 567 4630 inferosque
594 4565 722 4629 pertinent,

217 4643 291 4704 nigro
310 4647 336 4688 et
356 4647 419 4687 otro.
453 4637 723 4696 Horst1.0d.xxiv.

254 4714 334 4763 voL.
349 4713 399 4761 111.

769 3371 869 3422 ossibus.
902 3370 1156 3422 Homnaoanalt.
1188 3369 1270 3420 Maxi-

769 3463 807 3496 me
829 3463 951 3512 asangm
972 3445 1091 3502 dicuntur.
1112 3443 1223 3510 quoniam
1245 3444 1270 3496 in

768 3521 883 3586 unguine
894 3520 943 3570 vim
952 3528 997 3570 esi·

801 3597 858 3646 444.
871 3597 974 3661 Parsque
974 3593 1130 3660 [Μῶα]
1148 3594 1188 3643 De
1197 3609 1268 3658 nego-

769 3670 809 3720 tiis
822 3671 936 3722 mnnium.
968 3671 1113 3736 Frequenter
1122 3684 1268 3734 congregan-

770 3753 808 3796 tur
821 3745 862 3795 ulii
876 3746 901 3796 in
916 3747 974 3804 toro,
984 3745 1025 3796 olii
1034 3743 1061 3794 in
1071 3744 1136 3809 regie
1145 3744 1254 3794 Plutonis
1261 3762 1269 3806 ς

768 3819 805 3868 iili
815 3820 925 3886 litigandi
941 3837 1014 3872 cause
1030 3820 1090 3885 (tv.
1099 3818 1170 3870 Trist.
1180 3837 1204 3870 rr.
1213 3819 1269 3882 88.)

770 3891 795 3942 hi
810 3896 940 3946 salutmun
955 3895 1060 3950 veniunt.
1071 3909 1136 3943 more
1151 3893 1269 3946 Romano.

769 3969 843 4036 Apud
860 3971 997 4026 Homerum.
1008 3968 1034 4018 in
1049 3969 1099 4018 0d.
1110 3973 1142 4022 A·
1153 3969 1201 4018 56¹1
1214 3983 1269 4034 sqq.

770 4045 859 4094 umbre
879 4044 910 4094 ed
925 4043 1015 4094 Minois
1029 4044 1131 4094 tribunal
1142 4058 1227 4094 causes
1241 4059 1268 4092 a·

769 4127 838 4185 gunt,
849 4127 874 4168 et
888 4117 963 4168 Orion
978 4119 1057 4185 pergit
1071 4118 1133 4169 ieras
1143 4117 1233 4184 sginre
1243 4117 1269 4168 in

770 4193 838 4246 retis.
858 4194 937 4242 Etiam
948 4193 1019 4244 Pisto
1029 4195 1093 4260 Rep.
1099 4193 1143 4243 lib.
1149 4209 1173 4242 s.
1179 4210 1203 4259 p.
1212 4194 1270 4242 620.

769 4267 1108 4334 flugitanimesdetunctnrum
1116 4267 1269 4332 esdeunquae

769 4340 793 4392 in
804 4341 879 4409 priore
888 4340 938 4390 vits
947 4343 1096 4400 tremiscent,
1106 4344 1204 4408 probare
1218 4352 1269 4392 etu-

768 4415 817 4466 dia
850 4414 938 4466 Confer
953 4423 978 4467 et
988 4417 1056 4483 Virg.
1068 4418 1165 4468 AEneid.
1176 4419 1208 4468 vi.
1220 4420 1266 4470 6⁵1

769 4506 823 4556 sqq.
855 4489 919 4540 Imus
937 4502 1114 4557 tyrannenses
1131 4492 1267 4544 inferorum·

770 4567 831 4617 Hor.
848 4565 870 4616 l.
887 4565 936 4616 Od.
954 4585 977 4617 ι.
994 4569 1038 4617 19:
1056 4567 1149 4630 Superis
1166 4567 1267 4618 Dmm

769 4651 851 4706 gratus
862 4651 884 4692 et
895 4642 952 4691 ineis.
1265 4680 1269 4690 .

869 4715 880 4762 1
892 4716 901 4763 i
