3450 5998
303 875 308 881 ,
414 785 886 858 umnuonruosnon
909 790 1000 857 nra.
1018 792 1080 860 1v.
1205 797 1270 862 aro

221 969 246 999 “
258 959 428 1052 Invide,'’
445 963 634 1050 dicebant,
656 974 680 1004 “
696 965 832 1066 paries,
852 965 945 1065 quid
968 967 1180 1044 amantibus
1198 972 1265 1046 ob-

370 1081 474 1155 stas?
754 1159 757 1172 ,

220 1192 414 1278 Quantum
431 1207 524 1284 eret,
543 1208 586 1272 ut
602 1197 745 1273 sineres
762 1221 831 1273 nos
855 1209 936 1273 toto
954 1223 1111 1300 corpore
1131 1203 1267 1301 jungi?

218 1309 296 1384 Aut
313 1310 385 1386 hoc
403 1312 435 1386 si
452 1313 621 1400 nimium,
640 1315 699 1388 vel
717 1314 764 1388 ad
782 1315 913 1388 oscula
928 1314 1055 1391 danda
1070 1321 1241 1418 pateres!

219 1423 255 1498 N
257 1449 301 1500 ec
319 1451 450 1502 sumus
467 1429 626 1526 ingrati:
654 1429 722 1504 tibi
740 1454 809 1504 nos
825 1430 964 1506 debere
981 1431 1154 1522 latemur,
1216 1429 1264 1511 7'6

218 1541 331 1627 Quod
348 1545 461 1620 datus
479 1555 538 1619 est
547 1546 671 1621 verbis
682 1547 729 1620 ad
748 1545 889 1620 amicas
906 1549 1087 1624 transitus
1102 1552 1250 1626 aures.'’
1320 1631 1325 1642 ,

219 1657 326 1776 Talia
342 1661 491 1756 diversa
508 1663 762 1761 nequicquam
781 1665 872 1740 sede
889 1665 1049 1764 loquuti,

220 1777 301 1852 Sub
318 1790 470 1854 noctem
487 1779 631 1871 dixere,
649 1781 744 1858 Vale
759 1812 768 1873 3
798 1783 973 1883 partique
990 1785 1130 1860 dedere

221 1894 365 1971 Oscula
381 1896 546 1996 quisque
564 1923 654 1987 suae,
674 1923 748 1972 non
767 1899 1024 1998 pervenientia
1038 1911 1180 1976 contra.
1218 1905 1266 1978 80

268 2011 430 2088 Postera
446 2025 649 2088 nocturnos
666 2013 813 2089 Aurora
828 2027 1036 2090 removerat
1052 2017 1172 2114 ignes,

221 2127 364 2228 Solque
382 2131 578 2229 pruinosas
596 2131 710 2206 radiis
728 2131 934 2206 siccaverat
950 2133 1087 2207 herbas
1102 2161 1111 2220 ;

219 2245 279 2318 Ad
297 2247 449 2321 solitum
466 2251 590 2322 coiere
604 2249 749 2323 locum:
770 2259 851 2321 tum
869 2272 1059 2323 murmure
1076 2273 1190 2346 parvo

220 2359 344 2437 Multa
360 2365 464 2463 prius
478 2365 616 2462 questi,
635 2377 817 2452 statuunt,
837 2376 880 2439 ut
896 2376 1010 2440 nocte
1028 2366 1152 2439 silenti

220 2477 365 2555 Fallere
380 2481 572 2571 custodes,
586 2482 805 2580 foribusque
823 2483 1009 2557 excedere
1026 2491 1195 2572 tentent3
1217 2487 1265 2558 85

217 2594 423 2695 Quumque
433 2597 545 2672 domo
560 2599 721 2674 exierint
735 2598 837 2672 urbis
857 2621 1012 2697 quoque
1029 2599 1194 2674 claustra
1207 2623 1264 2674 re·

370 2714 567 2813 linquant:

219 2827 325 2905 Neve
342 2831 393 2904 sit
408 2833 610 2906 errandum
623 2833 700 2908 lato
718 2831 969 2932 spatiantibus
988 2857 1087 2921 arvo,

218 2945 456 3022 Conveniunt
473 2949 521 3024 ad
540 2948 652 3024 busta
668 2948 771 3038 Nini,
789 2949 1007 3047 lateantque
1025 2950 1097 3023 sub
1116 2950 1249 3026 umbra

217 3062 395 3140 Arboris:
424 3068 535 3141 arbor
551 3067 616 3154 ibi,
636 3065 755 3141 niveis
775 3065 963 3141 uberrima
978 3066 1114 3164 pomis,

218 3177 346 3256 Ardua
363 3206 502 3271 morus,
521 3193 613 3270 erat,
633 3183 758 3280 gelido
776 3181 1010 3257 contermina
1025 3181 1131 3256 fonti.
1215 3189 1264 3258 90

248 3455 289 3505 ld.
315 3456 402 3522 Sedes]
430 3458 515 3514 Locus.
541 3459 582 3510 ubi
609 3460 714 3511 stsbsnt.
763 3471 821 3511 turc
837 3471 958 3524 pomarum
972 3461 1075 3508 claustro
1091 3469 1117 3508 ct
1130 3461 1182 3507 sita
1198 3461 1263 3506 cluri-

216 3529 323 3588 Diusrss,
338 3529 455 3597 opposita.
484 3533 640 3598 Nequiquam
662 3551 714 3601 per·
762 3547 828 3593 stm5
845 3533 971 3586 luvenalis
988 3535 1065 3599 Satyr.
1083 3533 1136 3583 viii.
1157 3535 1264 3583 Ιαεάναηι

215 3605 276 3655 tinet
287 3605 322 3654 'sd
333 3615 413 3656 votnm
423 3607 493 3665 illud,
504 3619 532 3658 ut
547 3607 620 3658 letius
634 3610 714 3675 paries
761 3620 880 3674 mrum
901 3612 1019 3670 clumam
1040 3608 1138 3664 Statius,
1160 3608 1263 3656 Thebai·

215 3689 318 3745 μακε.
346 3681 413 3738 Pan,
423 3696 508 3748 nempe
518 3683 623 3750 parietis.
763 3685 806 3736 dos
822 3687 914 3735 ndu.
931 3683 1058 3732 lbcborsm
1073 3684 1187 3732 claustro.
1221 3683 1263 3730 ln-

246 3756 288 3804 81.
300 3756 393 3804 Pam
403 3767 526 3807 nocturnos
536 3759 637 3816 Aurora,
651 3759 712 3825 etc]
763 3759 860 3810 fraviii.
877 3761 917 3809 70.
933 3769 1053 3822 portarum
1069 3759 1184 3808 claustro.
1212 3757 1262 3806 Bu·

211 3827 253 3878 Sic
270 3829 333 3878 libro
346 3830 388 3880 vii.
407 3832 463 3880 loo.
482 3832 577 3883 Postera
593 3836 714 3896 ἀφιεὶπαι
763 3845 831 3893 num,
842 3834 986 3900 sepulcrum,
996 3841 1174 3882 monumentum
1184 3833 1263 3897 sepul-

212 3905 291 3952 ststtrs
314 3905 408 3954 Aurora
436 3909 551 3955 meumst.
591 3905 638 3956 llic
664 3906 730 3956 cle·¹
763 3910 836 3966 crale,
849 3909 953 3975 τύμβος.
987 3908 1026 3957 Sic
1039 3909 1129 3956 bustum
1145 3907 1263 3956 Sardana-

213 3977 306 4043 gsntior
324 3989 447 4030 morsos
464 3983 537 4047 ignes,
559 3996 615 4030 nam
635 3981 713 4032 stelle
762 3985 819 4048 puli,
833 3985 932 4040 Catulli,
945 3981 1044 4032 eliorum
1053 3981 1117 4048 apud
1129 3980 1182 4032 cic.
1203 3981 1261 4030 Pro-

212 4059 269 4102 sunt
288 4053 346 4103 eoeli
367 4055 440 4104 laces.
484 4055 601 4113 Grutsdsa
624 4056 713 4121 janito-
762 4059 813 4124 prie
834 4059 924 4107 bustum
944 4057 1019 4114 locus,
1039 4055 1065 4105 in
1086 4072 1134 4122 qno
1161 4057 1263 4107 cadaver

214 4143 260 4176 M·
762 4131 1263 4197 combustumetsepultum3richircbm.

246 4203 287 4252 ab.
312 4201 382 4252 Ursa
398 4203 500 4252 claustra
520 4219 550 4254 ex
569 4219 616 4254 uuo
630 4203 710 4252 Bono·
763 4207 794 4256 de
808 4207 941 4257 Funeribus
956 4205 1059 4254 Roman.
1069 4205 1111 4255 lib.
1120 4206 1170 4254 ΙΙΙ.
1182 4221 1236 4274 cap.
1247 4206 1264 4256 i.

212 4275 289 4326 nicusi
313 4277 381 4326 dedit
402 4279 555 4328 Burmannus
579 4293 621 4344 pro
642 4287 712 4328 sacta.
763 4281 817 4330 init.
845 4281 1136 4330 MirortsmenaNostro
1148 4281 1263 4330 tumme

210 4351 313 4400 Etiamsi
334 4351 407 4400 ncsbi
428 4351 500 4418 Regii
520 4352 624 4402 babeant
645 4363 712 4410 tecta,
763 4363 954 4411 commemorata,
980 4369 1054 4419 quum
1081 4353 1165 4405 Romu
1189 4369 1264 4404 ruere·

209 4425 373 4476 metimus
390 4436 470 4476 umen
485 4429 639 4486 Bnrrnsnn03
656 4443 712 4476 nam
763 4431 834 4478 trices
853 4427 901 4478 lere
917 4427 949 4477 sd
969 4428 1039 4477 busta
1055 4437 1262 4485 commorarentur,

207 4509 272 4548 tsets
280 4501 311 4549 de
323 4499 442 4558 domibus,
453 4501 539 4550 nonde
551 4501 712 4568 urbibusque
764 4504 827 4554 unde
838 4507 963 4554 brutuuriae
972 4505 1067 4553 moecbae.

205 4575 299 4625 classa
322 4591 370 4624 non
392 4583 461 4625 tecte
485 4587 550 4627 snut.
589 4577 661 4636 Quod
682 4576 713 4626 sd
794 4581 837 4628 90.
859 4578 919 4628 Fons
941 4577 980 4626 bic
1006 4585 1148 4626 memoratur
1168 4585 1262 4642 propter

204 4661 281 4714 αμα,
299 4652 375 4701 rarius
395 4661 446 4712 αις
463 4662 488 4701 at
506 4641 644 4702 Lucretius:
669 4671 711 4700 mr-
764 4652 908 4702 versum98.
