3526 6018
755 803 793 866 P.
818 800 980 867 OVIDII
1004 799 1216 866 NASONIS

465 803 529 868 158

469 977 660 1076 Prospicit
677 1001 856 1051 occasus:
877 976 1065 1050 interdum
1084 975 1237 1074 respicit
1251 985 1374 1063 ortus;
1447 979 1517 1049 190

470 1095 648 1193 Quidque
659 1105 747 1191 agat
760 1095 924 1191 ignarus,
940 1101 1085 1191 stupet;
1100 1103 1139 1166 et
1149 1117 1218 1166 nec
1231 1091 1335 1166 frena
1345 1091 1514 1178 remittit,

472 1211 554 1285 Nec
573 1211 734 1286 retinere
751 1211 872 1300 valet3
902 1235 972 1286 nec
990 1211 1142 1285 nomina
1156 1211 1257 1284 novit
1275 1235 1469 1308 equorum.

473 1327 615 1426 Sparsa
631 1351 786 1426 quoque
805 1327 843 1399 in
860 1329 962 1401 vario
980 1328 1122 1426 passim
1140 1327 1321 1401 miracula
1337 1328 1445 1414 coelo,

472 1443 752 1541 Vastarumque
769 1444 873 1518 videt
889 1445 1058 1543 trepidus
1074 1444 1274 1517 simulacra
1289 1443 1463 1518 ferarum.

524 1559 595 1634 Est
606 1561 726 1648 locus
739 1561 777 1633 in
789 1559 958 1657 geminos
972 1561 1036 1634 ubi
1050 1559 1204 1634 brachia
1215 1571 1396 1635 concavat
1409 1584 1516 1634 arcus

474 1677 673 1775 Scorpios;
690 1687 729 1750 et
739 1677 861 1751 cauda
870 1677 1057 1776 flexisque
1068 1677 1256 1774 utrimque
1269 1676 1430 1762 lacertis
1447 1681 1515 1750 196

474 1793 639 1890 Porrigit
656 1793 694 1866 in
712 1793 876 1892 spatium
894 1793 1085 1890 signorum
1103 1794 1271 1866 membra
1288 1793 1459 1867 duorum.

384 1990 387 2000 ‚
474 1907 586 1982 Hunc
605 1935 698 2008 puer
714 1922 757 1984 ut
775 1911 871 2009 nigri
889 1912 1081 1986 madidum
1096 1912 1231 1986 sudore
1248 1914 1383 1985 veneni

472 2024 638 2100 Vulnera
654 2038 808 2102 curvata
825 2027 1061 2102 minitantem
1078 2028 1236 2126 cuspide
1252 2027 1365 2116 vidit;

474 2140 617 2216 Mentis
630 2144 751 2243 inops,
770 2144 896 2240 gelida
912 2143 1109 2219 formidine
1126 2145 1207 2218 lora
1223 2144 1378 2219 remisit.
1444 2149 1518 2218 200

474 2257 569 2342 Quae
588 2270 789 2358 postquam
803 2285 991 2334 summum
1006 2261 1165 2358 tetigere
1173 2261 1342 2358 jacentia
1357 2271 1516 2358 tergum,

474 2372 747 2474 Exspatiantur
764 2378 873 2475 equi3
895 2379 1074 2478 nulloque
1091 2378 1285 2452 inhibente
1299 2403 1367 2478 per
1384 2403 1491 2452 auras

474 2489 618 2588 Ignotae
634 2493 796 2590 regionis
815 2506 929 2582 eunt;
952 2519 1105 2594 quaque
1121 2494 1285 2594 impetus
1303 2497 1391 2593 egit,

476 2605 558 2682 Hac
577 2609 658 2683 sine
676 2609 759 2706 lege
776 2622 910 2699 ruunt;
931 2612 1084 2710 altoque
1098 2612 1168 2685 sub
1188 2613 1326 2687 aethere
1343 2611 1428 2685 fixis

510 2794 564 2842 19³.
584 2795 653 2843 Vario
670 2794 745 2858 coelo.]
768 2795 863 2844 Vsu-ium
881 2798 971 2854 cretum,

475 2867 564 2916 coelum
576 2869 646 2918 variis
657 2870 784 2926 miraculis,
799 2870 815 2918 i.
827 2887 849 2920 e.
866 2871 930 2920 miris
939 2874 973 2922 le·

476 2957 553 2990 rarum
572 2943 651 2992 lormie
664 2944 774 2994 obsitum.
798 2945 878 2994 Etiam
888 2947 973 2998 Senec.

403 3055 408 3060 .
477 3016 522 3082 Ep.
539 3033 576 3067 xc.
593 3035 618 3084 p.
634 3035 668 3068 m.
688 3021 746 3069 684.
765 3020 824 3070 sorte
842 3037 872 3069 ex
892 3021 917 3070 h.
938 3021 973 3070 l.:

479 3091 568 3145 Quidni
580 3097 678 3156 jacuerat
698 3099 780 3160 nugari
799 3094 899 3161 (oculis)
914 3099 975 3146 inter

478 3177 524 3215 torn
540 3170 586 3217 late
600 3185 677 3230 wareo
691 3171 805 3218 mirararis
819 3170 893 3219 coelil
910 3171 976 3220 lnlra

477 3243 512 3289 xi.
524 3244 587 3292 309:
608 3245 658 3292 Noe
675 3246 756 3293 culum
770 3255 883 3308 sparserat
898 3249 974 3294 astru.

478 3315 597 3366 Eveniunt
618 3334 680 3367 nunc
701 3333 738 3375 ea,
760 3335 814 3384 quat
835 3319 975 3385 predixerat

478 3390 573 3456 Apollo.

513 3467 566 3516 195.
586 3466 627 3516 Est
643 3467 722 3530 laeua]
742 3467 765 3515 Α
777 3467 831 3534 polo
842 3468 929 3518 arctico
939 3485 976 3518 re·

478 3549 549 3604 pente
566 3542 622 3607 equi
639 3557 733 3590 cursum
750 3543 866 3591 flexerunt
881 3542 906 3590 in
922 3559 976 3608 par·

479 3624 527 3665 tem
545 3615 681 3665 australem.
709 3617 823 3664 Consonat
837 3617 977 3681 exquisitius

480 3706 560 3755 quarn,
580 3699 670 3738 curvat.
695 3689 735 3738 De
755 3693 839 3752 scorpio
855 3701 878 3738 et
897 3695 976 3753 spatio,

480 3766 543 3830 quod
568 3772 677 3830 occupat,
697 3763 787 3813 dictum
815 3764 845 3812 ad
866 3781 915 3815 ver.
936 3769 976 3816 82.

481 3842 561 3890 Verba
573 3842 643 3905 stetis
659 3842 775 3902 utrimque
793 3839 916 3889 commode
934 3842 976 3890 ab·

480 3931 531 3964 esse
551 3924 647 3980 possent
654 3933 662 3976 ;
684 3914 748 3964 idem
767 3913 830 3962 euim
856 3913 977 3980 praecedit.

481 3989 554 4058 Apud
575 3989 675 4038 Lucian.
691 3988 716 4036 d.
731 3989 750 4036 l.
773 3986 906 4044 Phaethon,
926 4004 976 4037 me·

481 4074 558 4122 tuens,
570 4079 599 4112 ne
610 4061 738 4118 excideret,
749 4061 852 4110 remissis
867 4061 975 4118 habenis,

481 4147 572 4204 partem
598 4151 680 4186 currus
703 4135 845 4184 eminentem
866 4135 977 4186 manibus

475 4211 643 4276 ,apprehendit
674 4209 721 4259 Sed
736 4209 818 4260 Ovidii
837 4209 987 4274 figmentum,

482 4285 566 4334 melius
585 4293 630 4341 est,
649 4299 722 4350 quum
736 4283 759 4332 ei
778 4281 882 4334 lubuerit
897 4285 977 4335 formis

480 4358 584 4409 siderum
597 4369 706 4408 naturam
717 4357 860 4407 terrestrium
870 4359 977 4408 animan·

481 4435 540 4483 tium
550 4433 660 4482 tribuere.

516 4510 571 4558 198.
599 4507 804 4572 Nigri-ment]
838 4506 977 4573 Apollodor.

482 4583 547 4649 apud
567 4581 631 4630 Plin.
646 4579 679 4629 Il.
690 4579 723 4629 N.
734 4578 766 4628 xi.
781 4581 915 4630 assuetos
933 4591 977 4640 est,

480 4655 632 4724 Scorpionem
648 4654 746 4704 fundere
760 4652 890 4704 candidum
905 4671 977 4705 rene·

1024 2813 1090 2846 num.
1126 2796 1174 2845 Sed
1193 2799 1286 2862 nigrum
1304 2805 1329 2844 et
1344 2807 1422 2846 strum
1438 2813 1519 2863 perpe-

1023 2882 1090 2921 tuum
1101 2872 1149 2920 fere
1159 2870 1280 2936 epitheton
1291 2872 1386 2920 veneni.
1414 2872 1522 2936 Heynius

1024 2955 1104 2996 autem
1125 2946 1157 2996 ed
1178 2945 1263 3012 Virgil.
1286 2946 1383 2995 AEneid.
1401 2945 1444 2995 vii.
1463 2949 1520 2996 ³54.

1024 3029 1112 3078 monet,
1124 3022 1198 3071 rerba
1214 3023 1330 3070 madidum
1344 3025 1425 3071 sudore
1442 3027 1522 3072 venerei

1024 3113 1071 3146 non
1091 3095 1125 3144 ita
1144 3095 1262 3162 capienda
1282 3111 1342 3154 esse,
1364 3097 1431 3162 quasi
1450 3114 1521 3146 exsu-

1024 3169 1092 3219 dhsse
1114 3185 1169 3218 eum
1189 3185 1308 3218 venenum
1327 3170 1461 3227 crediderit,
1479 3171 1521 3221 sed

1023 3245 1126 3292 sudum
1146 3247 1227 3292 venem
1249 3243 1342 3310 poetica
1362 3253 1387 3292 et
1404 3244 1521 3308 exquisita

1024 3317 1113 3366 ratione
1130 3317 1221 3367 dictum
1238 3333 1289 3367 esse
1302 3334 1344 3383 pro
1358 3335 1449 3367 veneno
1464 3319 1521 3368 sim-

1024 3390 1133 3458 pliciter;
1149 3393 1268 3440 madidum
1284 3400 1363 3441 autern
1377 3391 1436 3441 nihil
1447 3393 1522 3450 aliud,

1025 3465 1070 3514 nisi
1080 3466 1236 3531 profluentem
1247 3465 1293 3515 oris
1303 3465 1400 3524 saniem,
1409 3465 1524 3517 indicare.

1025 3541 1072 3590 Sed
1084 3557 1156 3606 quum
1168 3549 1237 3608 poeta
1246 3557 1310 3590 nunc
1323 3542 1402 3590 omnia
1415 3541 1525 3592 ardentia

1026 3615 1108 3681 lingat,
1119 3625 1191 3681 atque
1203 3616 1227 3664 in
1238 3616 1302 3665 omni
1313 3616 1337 3664 h.
1348 3617 1364 3664 l.
1375 3617 1467 3681 ingenio
1478 3634 1524 3666 suo

1027 3689 1154 3739 luxurianti
1177 3689 1265 3756 passim
1292 3689 1423 3756 indulgeat,
1440 3700 1466 3739 ut
1491 3693 1524 3741 ad

1027 3779 1077 3812 ver.
1102 3765 1147 3813 17³
1170 3765 1325 3822 admonitum,
1348 3766 1430 3832 quidni
1450 3767 1524 3816 etiarn

1027 3838 1176 3904 Scorpionem
1184 3839 1309 3889 sudantem
1316 3840 1522 3908 coghemunprae·

1026 3911 1106 3960 sertim
1114 3929 1188 3976 quum
1197 3915 1268 3964 verba
1277 3915 1325 3964 huc
1335 3915 1440 3964 ducantt
1453 3918 1523 3966 Scor·

1026 3986 1103 4052 pionis
1120 3996 1199 4036 autem
1215 3988 1293 4038 cauda
1303 3990 1390 4040 desinit
1404 3991 1430 4039 in
1441 4009 1524 4041 retroa-

1028 4071 1075 4109 tarn
1091 4063 1213 4124 cuspidem,
1224 4071 1249 4110 et
1265 4079 1359 4128 semper
1372 4065 1396 4113 in
1413 4064 1461 4114 ictu
1476 4077 1521 4122 eet,

1027 4135 1139 4202 nulloque
1151 4145 1270 4185 momento
1278 4137 1386 4186 meditari
1396 4149 1481 4196 cessat,
1493 4155 1523 4188 ne

1027 4209 1123 4274 quando
1139 4209 1201 4258 desit
1216 4211 1352 4260 occasioni:
1367 4213 1430 4262 Plin.
1443 4215 1476 4263 H.
1486 4215 1521 4263 N.

1027 4283 1061 4332 ai.
1078 4287 1120 4333 25.
1155 4285 1210 4333 Non
1230 4285 1324 4344 mirum,
1345 4287 1365 4336 si
1384 4303 1442 4350 puer
1459 4288 1522 4338 hunc

1027 4358 1119 4408 metuit.

1060 4433 1118 4482 204.
1136 4434 1191 4483 Sine
1210 4435 1278 4501 lege]
1304 4435 1359 4484 Sine
1380 4435 1461 4485 ordine
1481 4447 1523 4487 aut

1028 4506 1135 4573 imperio.
1159 4509 1233 4575 Apud
1247 4509 1346 4558 Luciam
1360 4510 1386 4558 d.
1398 4511 1415 4558 l.
1430 4525 1524 4560 currum
1575 4549 1580 4568 ,

1027 4581 1123 4647 rapiunt
1142 4583 1199 4648 dprs
1214 4585 1260 4649 μὲν
1274 4583 1317 4632 let
1334 4585 1366 4634 τὰ
1385 4585 1453 4640 hard,
1472 4584 1524 4650 μετ’

1029 4655 1115 4722 ὀλίγον
1130 4654 1154 4706 dl
1171 4657 1212 4708 lsrl
1229 4659 1261 4708 ed
1276 4656 1349 4715 δεξιὰ,
1362 4659 1404 4708 rui
1416 4658 1470 4708 ἅνω
1482 4661 1524 4710 seri
