3494 6010
431 701 898 772 METAMORPHOSEON
922 701 1012 770 ΠΒ.
1036 701 1095 768 VI.
1214 687 1280 768 381

237 879 316 956 Cur
333 903 409 954 non
427 879 510 980 ipse
526 880 653 956 venit?
678 903 745 954 cur
762 880 843 956 hec
860 877 1066 954 certamine
1080 873 1222 952 vitatl''

74 1062 77 1070 .
145 1023 146 1026 ¹
234 995 332 1070 Tum
368 997 463 1083 Dea,
500 1005 524 1037 ‘⁶
544 995 696 1086 Venit,”
729 997 801 1086 eit3
855 994 1088 1094 formamque
1124 989 1282 1070 removit

384 1112 534 1200 anilem,
1178 1117 1181 1124 ’
1230 1111 1280 1182 43

235 1229 470 1328 Palladaque
480 1228 1065 1306 exhibuitzveneranturuumiua
1075 1225 1279 1327 Nymphae,
1327 1265 1331 1274 -

235 1345 567 1445 Mygdonidesque
585 1369 722 1420 nurus:
751 1346 832 1421 sole
848 1356 907 1421 est
924 1370 999 1419 non
1016 1344 1148 1420 territa
1164 1343 1279 1438 virgo,

238 1463 315 1539 Sed
332 1473 461 1540 tamen
479 1461 640 1550 erubuit,
660 1462 885 1560 subitusque
902 1461 1021 1536 invite
1039 1451 1183 1534 notavit

236 1579 315 1655 Ora
331 1581 456 1668 rubor,
475 1601 679 1676 rursusque
697 1579 868 1667 evanuit3
897 1591 939 1653 ut
956 1579 1052 1654 solet
1069 1600 1132 1652 aer

236 1696 454 1796 Purpureus
471 1695 564 1784 fieri,
584 1719 703 1795 quum
720 1697 881 1798 primum
899 1720 1033 1772 aurore
1049 1702 1229 1780 movetur,

236 1813 288 1889 Et
304 1815 417 1890 breve
435 1823 523 1913 post
539 1823 691 1913 tempus
709 1817 936 1890 candescere
952 1813 1043 1888 solis
1060 1813 1109 1887 eb
1126 1820 1222 1883 ortu.

235 1929 388 2007 Perstat
404 1931 443 2004 in
460 1930 626 2030 incepto,
645 1932 869 2030 stolidaeque
883 1931 1059 2029 cupidine
1073 1927 1208 2030 palmae
1233 1927 1283 1998 50

237 2046 283 2121 ln
300 2071 369 2122 sua
385 2047 463 2122 sata
479 2048 575 2123 ruit:
605 2072 730 2149 neque
748 2049 848 2124 enim
861 2047 957 2122 Jove
975 2057 1065 2122 nata
1077 2053 1239 2130 recuset,

237 2163 319 2238 Nec
337 2173 468 2238 monet
485 2164 653 2251 ulterius,
673 2189 744 2242 neo
757 2167 838 2263 jam
852 2164 1059 2240 certamina
1068 2145 1213 2237 differt.
1246 2221 1250 2231 .

287 2280 401 2356 Haud
420 2303 535 2370 mora,
555 2281 768 2356 consistunt
785 2281 943 2358 diversis
959 2279 1129 2382 partibus
1147 2275 1281 2364 embae,

238 2397 289 2472 Et
305 2397 435 2496 g'recili
452 2397 622 2496 gemines
640 2399 842 2476 intendunt
859 2400 1019 2474 stamine
1036 2397 1145 2472 telus,

269 2650 310 2698 4³.
328 2649 387 2698 Tum
403 2649 463 2705 Dm.
476 2648 537 2714 eto]
572 2648 639 2698 Note
652 2647 735 2698 celeri·
785 2650 853 2707 telus,
872 2658 913 2700 aut
930 2657 994 2700 certe
1009 2647 1044 2697 sie
1059 2643 1204 2714 cupiendum
1218 2643 1285 2694 verb.

235 2731 317 2784 tutem,
327 2739 376 2789 qun
384 2723 438 2773 Dee
446 2722 591 2788 illudipeum
599 2737 737 2788 responsum
784 2727 924 2775 meunt.-
951 2725 1102 2773 Burmennus
1127 2721 1166 2770 bic
1191 2727 1282 2777 monet,

236 2797 336 2864 nupienr
352 2806 377 2847 et
393 2804 531 2864 expectens,
548 2812 574 2846 se
590 2795 736 2846 menifestnt.
784 2802 901 2848 comittere
918 2796 1044 2848 convenire
1061 2797 1165 2860 pertibus
1180 2797 1283 2853 diuum,

236 2871 736 2938 ExemplnDeorumlormeusrnmptnspo·
784 2883 809 2923 et
819 2873 867 2922 diei
880 2872 910 2923 de
920 2872 1013 2922 duabus
1027 2869 1176 2927 edverseriis,
1185 2884 1240 2935 qne
1252 2867 1285 2918 sd

237 2945 343 2998 nentium
358 2946 432 2996 hebet
442 2944 559 3012 Heynius‚
570 2946 633 2996 Exe.
645 2944 694 2994 xiii.
705 2945 736 2994 ed
784 2955 906 2998 certarnen
919 2963 944 2997 se
956 2953 1103 3014 preparent,
1112 2944 1186 3010 idque
1200 2959 1226 2994 se
1240 2942 1284 2993 do·

237 3021 335 3072 AEneid.
343 3020 361 3071 i.
375 3021 480 3070 -Pelludo
490 3021 599 3077 sublinit,
607 3019 736 3085 elegenten
785 3021 904 3072 enimeed
916 3022 1012 3070 Petron.
1024 3021 1063 3069 19.
1094 3019 1211 3085 Egovero
1221 3015 1284 3068 erbi-

236 3095 375 3147 ostenditur
389 3111 441 3146 mse
458 3095 568 3144 Pellede.
579 3095 663 3162 Supra,
672 3095 699 3144 ii.
712 3096 735 3143 l.
785 3105 842 3155 tuor,
854 3095 984 3163 respexisse
1000 3095 1114 3145 Nostrum
1130 3107 1219 3144 morem
1235 3093 1285 3143 Ve-

234 3174 307 3238 poss'to
315 3169 561 3236 iungineoeeonfessru
569 3168 734 3218 enemim:
786 3179 872 3228 tenum,
883 3169 926 3237 qui
942 3185 990 3220 non
1004 3169 1121 3226 sedentes.
1137 3167 1286 3218 redeuntes

237 3245 346 3294 Exhibitus
354 3243 479 3294 aenou.
502 3241 735 3308 Cousmmmomplse-
785 3246 908 3296 tenebunt.
1248 3299 1251 3306 ⁴

235 3321 296 3368 titur
304 3321 375 3369 beron
403 3318 562 3384 Mygdonides,
573 3315 737 3378 Lvdinnnm
819 3321 860 3370 54.
877 3315 1194 3384 Etgraetligeninm,ete.]
1222 3315 1285 3364 Cum

238 3393 372 3458 Mygdone.
382 3408 396 3442 e
406 3392 508 3442 Threcia
518 3390 620 3448 oriundi,
632 3391 702 3440 sedes
712 3389 737 3439 in

236 3467 318 3517 Asiam
338 3466 520 3526 tmuutulerun23
544 3467 637 3523 Suebo,
653 3463 694 3514 vii.
712 3481 737 3530 p.

235 3544 302 3602 295;
320 3541 362 3590 xii.
372 3558 398 3607 p.
407 3542 464 3590 5⁷5.
497 3541 551 3590 Non
563 3543 653 3598 territa,
665 3537 737 3588 inter-

235 3616 292 3674 rite,
303 3625 408 3666 utvemu
418 3615 656 3670 tutmonevtutiu,
668 3612 738 3662 etsie

236 3691 334 3758 passim.
368 3691 425 3742 Jem
435 3705 517 3756 pugne
527 3687 623 3756 pudoris
633 3687 737 3738 etnude-

236 3767 280 3814 eie
288 3761 740 3830 benenotntur,qunnqusmsimilitudo

237 3836 615 3904 adjecupmumeamiuusune
644 3835 740 3884 Notaui

237 3916 315 3962 rubor.
344 3911 581 3962 vinealium.
623 3911 739 3968 Mnester,

237 3987 318 4038 oritur.
340 3985 429 4036 Moneri
437 3985 740 4053 dicunturprolieiecentee.

270 4063 310 4110 50.
326 4061 440 4125 stolido]
473 4060 515 4110 Ad
535 4062 634 4124 potinam
651 4059 740 4122 retulit,

240 4136 304 4202 quod
316 4145 367 4186 erut
378 4135 408 4184 nd
421 4139 560 4199 cupidinem,
570 4147 612 4186 aut
622 4136 654 4184 ed
664 4135 740 4202 ipram

239 4210 361 4260 mulierem
378 4209 536 4260 referendum.
570 4209 619 4260 Nee
634 4225 681 4259 non
695 4208 739 4258 mi-

239 4300 284 4334 nus
301 4284 421 4350 elegentes
441 4285 576 4350 repetitum,
594 4299 666 4349 quum
682 4283 739 4334 elibi

239 4363 292 4409 ud:
308 4359 440 4410 videedv.
453 4361 493 4408 lt.

272 4436 313 4484 53.
332 4433 484 4498 conueniet]
512 4432 598 4484 Inboo
608 4433 680 4484 verbo
689 4432 739 4483 be-

240 4517 293 4558 seut
302 4507 450 4574 interpretes.
485 4508 599 4558 Heinsius
608 4515 687 4574 putet,
699 4515 741 4556 ent

238 4569 367 4650 legendum
388 4598 441 4634 esse
466 4585 616 4638 ommituunt,
637 4570 740 4638 seilicet,

276 4657 351 4707 VOL.
361 4655 413 4706 111.
464 4661 468 4670 '

786 3393 833 3442 lune
850 3392 957 3442 textoria
975 3391 1033 3441 artis
1049 3389 1206 3458 descriptione
1222 3389 1286 3440 coni.
1349 3441 1355 3455 Ι

786 3466 914 3518 Cleudien.
924 3465 956 3516 R.
964 3466 993 3514 P.
1001 3465 1018 3514 i.
1029 3465 1078 3514 246
1085 3481 1138 3531 sqq.
1156 3463 1211 3514 Tela
1222 3464 1286 3513 ueris

785 3540 872 3591 dieitur
882 3559 889 3601 ;
901 3555 965 3590 nuno
976 3539 1078 3604 intellig.
1086 3549 1162 3590 treme
1171 3537 1287 3594 staminis,

786 3615 859 3664 serien
870 3615 958 3682 duplex
969 3612 1097 3663 staminum
1107 3628 1149 3662 seu
1160 3611 1251 3660 filorum
1262 3611 1287 3660 in

787 3688 885 3756 longum
891 3689 1163 3745 extensurum‚lutrnmr,
1171 3687 1288 3735 hebrius.

787 3762 854 3813 Alibi
866 3779 920 3816 vero
930 3763 968 3812 uel
983 3771 1059 3811 totum
1069 3775 1136 3827 opus,
1148 3759 1211 3825 quod
1225 3757 1286 3809 texi·

789 3847 835 3896 tur,
852 3837 887 3887 sio
905 3847 1010 3894 vocetur,
1027 3836 1065 3886 vel
1075 3837 1172 3902 jugum,
1185 3834 1288 3884 buculus

790 3918 942 3969 transversus,
957 3926 1005 3977 quo
1021 3910 1071 3960 tele
1086 3916 1188 3966 tenetur,
1203 3908 1288 3966 idest,
1373 3959 1376 3980 ¹

789 3983 947 4050 lensmsplsou.
975 3987 1072 4035 Gracile
1080 3992 1290 4042 ermemmarus

789 4063 902 4110 subtemen
909 4061 1002 4110 Auson.
1013 4059 1100 4109 Mosei.
1111 4059 1167 4109 397.
1183 4060 1289 4116 durando,

790 4144 876 4202 pecten
892 4151 921 4185 ex
938 4135 1063 4192 arundine,
1077 4122 1223 4184 dideriminet
1240 4134 1289 4192 lile,

791 4227 820 4260 ne
837 4209 1019 4267 confundentur,
1033 4211 1053 4258 le
1068 4212 1158 4275 μείζω.
1190 4208 1290 4266 emto,

789 4283 876 4350 pellice
894 4286 918 4332 ln
936 4292 1034 4333 moene
1066 4284 1125 4349 Ejus
1139 4297 1185 4349 ope
1202 4282 1249 4333 filis
1264 4283 1290 4334 in

789 4370 947 4410 manuvemum
953 4357 1086 4408 immittitur
1092 4357 1289 4414 subtemeudetls-
1400 4415 1401 4420 ¹

789 4451 825 4491 su,
835 4443 878 4483 eut
889 4433 1002 4483 t'onelue.
1030 4433 1104 4490 Quod,
1115 4447 1199 4498 nempe
1209 4430 1290 4480 subte-

791 4523 853 4566 men,
871 4507 936 4573 quod
950 4507 1091 4556 staminibus
1106 4505 1245 4562 immissum,
1264 4511 1289 4552 ut

791 4597 850 4647 opus
866 4581 965 4704 dqpqum
984 4581 1034 4638 liet,
1052 4579 1134 4629 seritur
1149 4579 1245 4641 potine
1265 4577 1314 4626 ls‘*
