3552 5984
458 769 556 835 xxxiv
852 761 1113 830 PRAEFATIO

457 944 648 1018 notationes,
663 939 909 1024 descriptiones,
925 937 1165 1022 dispositiones,
1180 933 1415 1013 similitudines,
1431 936 1507 1001 slia-

456 1086 521 1149 que
541 1070 728 1127 ornamenta
746 1059 820 1134 sint,
840 1057 929 1141 quod
948 1056 1097 1131 sciamus,
1114 1055 1216 1140 ipsius
1231 1053 1353 1119 Ovidii.
1399 1055 1506 1120 Famae

456 1181 718 1268 prosopopoeiam
743 1187 944 1244 communem
968 1175 1100 1261 quidem
1126 1197 1200 1239 cum
1226 1173 1363 1259 Virgilio
1386 1175 1505 1254 habet,

457 1301 515 1366 sed
534 1301 568 1362 in
581 1321 621 1363 ea
634 1296 788 1384 lingenda
804 1317 898 1359 suum
916 1295 1081 1378 ingenium
1092 1303 1222 1359 secutus
1242 1305 1303 1370 est,
1318 1295 1408 1400 quod
1426 1306 1459 1359 et
1473 1295 1506 1359 in

458 1419 578 1496 Famis,
593 1416 728 1482 Invidiae
748 1425 781 1480 et
801 1415 913 1502 Somni
932 1415 1078 1499 personis
1099 1413 1291 1498 effingendis
1309 1414 1343 1477 in
1360 1436 1508 1498 magnam

460 1561 550 1604 suam
565 1536 695 1602 laudem
712 1535 799 1601 fecit.
847 1535 1007 1621 Lycaonis
1027 1535 1224 1620 impietatem
1238 1543 1272 1598 et
1293 1555 1424 1618 poenam
1443 1554 1508 1598 non

459 1659 531 1744 ipse
558 1656 669 1732 refert,
695 1655 754 1720 sed
782 1653 898 1718 Jovem
926 1663 1111 1718 narrantem
1140 1653 1273 1718 inducit.
1319 1651 1386 1716 Hic
1411 1653 1510 1736 igitur

460 1777 550 1841 haud
570 1775 670 1840 dubie
689 1775 760 1859 ipse
785 1795 853 1837 rem
874 1773 920 1836 its
934 1772 1106 1858 disposuit,
1127 1783 1164 1836 ut
1184 1771 1258 1838 coeli
1281 1773 1414 1858 regiam,
1435 1794 1510 1836 con-

462 1905 591 1960 ventum
609 1894 768 1969 Deorum,
787 1891 879 1956 Jovis
902 1890 1089 1977 praesidium
1113 1891 1206 1955 nobis
1226 1900 1300 1954 ante
1323 1887 1434 1954 oculos
1453 1911 1511 1974 po-

461 2025 564 2089 neret,
586 2012 757 2096 eidemque
779 2010 855 2074 Deo
875 2011 1052 2074 orationem
1077 2010 1235 2074 tribueret
1257 2008 1509 2085 disertissimarn,

462 2131 515 2197 cui
526 2129 637 2195 fabula
647 2131 689 2195 de
699 2129 852 2214 Lycaone
866 2129 1001 2194 intexta.
1029 2127 1140 2204 Adde,
1151 2151 1226 2213 quae
1244 2129 1278 2192 in
1289 2126 1516 2192 Deucalioneo¹

462 2249 584 2316 diluvio
599 2251 642 2314 de
661 2249 753 2314 Noto
773 2248 932 2325 evolante,
947 2249 990 2313 de
1005 2248 1165 2334 Neptuno
1180 2269 1289 2312 amnes
1303 2257 1512 2326 convocante,

462 2371 504 2434 de
519 2369 656 2434 Tritone
676 2369 803 2454 signum
821 2367 975 2434 fluctibus
990 2369 1100 2446 dante,
1115 2369 1157 2434 de
1172 2365 1383 2434 Deucalionis
1397 2389 1514 2452 quere·

463 2489 512 2566 lis,
533 2489 576 2554 ab
595 2510 635 2553 eo
654 2488 785 2553 inventa
805 2499 890 2552 sunt.
936 2487 1112 2572 Spreverat
1132 2487 1241 2552 Niobe
1263 2485 1423 2550 Latonam
1444 2508 1513 2570 prae

464 2631 510 2686 se,
526 2631 586 2674 nec
600 2609 670 2693 pati
683 2607 830 2672 voluerat
851 2629 943 2672 sacra
956 2608 987 2672 ei
1001 2606 1083 2672 fieri.
1130 2605 1305 2679 Quomodo
1319 2603 1383 2686 boc
1398 2614 1514 2670 tracta-

463 2729 648 2813 aitpoeta?
682 2725 813 2811 Nempe
832 2737 938 2792 vatem
958 2728 1097 2816 primum
1118 2727 1243 2792 inducit
1263 2725 1400 2790 Latonae
1422 2747 1515 2790 sacra

463 2847 669 2922 indicentem,
685 2855 753 2909 tum
770 2845 904 2910 Nioben
923 2847 956 2909 in
973 2845 1139 2930 publicum
1158 2867 1232 2912 cum
1249 2843 1335 2910 fastu
1352 2845 1514 2930 prodeun-

464 2975 650 3049 temetque
665 2963 809 3028 oratione
820 2961 1033 3028 audacissima
1048 2986 1083 3028 se
1098 2963 1181 3028 Deae
1192 2963 1428 3056 praeferentem.
1468 2963 1515 3027 Et

465 3084 544 3168 quid
573 3083 615 3168 de
638 3057 754 3166 Ceycis
779 3092 877 3167 atque
904 3079 1090 3165 Halcyones
1112 3083 1217 3147 'rebus
1246 3082 1372 3148 dicam?
1417 3083 1455 3146 ln
1477 3083 1514 3147 iis

464 3201 676 3285 tempestatis,
701 3200 779 3264 artis
804 3199 954 3276 nauticae,
981 3199 1093 3264 Somni
1122 3200 1341 3287 Morpheique
1370 3202 1513 3286 descrip-

465 3321 579 3395 tiones,
600 3329 678 3383 tum
710 3316 897 3382 adfectuum
933 3318 1114 3383 notationes
1143 3329 1304 3384 testantur
1332 3318 1516 3385 faecundum
1565 3397 1567 3402 Ι

465 3439 564 3503 fuisse
587 3438 699 3504 Ovidii
724 3439 757 3501 in
782 3436 974 3504 inveniendo
999 3437 1173 3522 ingenium.
1220 3436 1321 3502 Mitto
1340 3437 1436 3524 plura
1459 3439 1516 3503 sd·

466 3557 562 3635 dere3
586 3579 658 3622 nam
674 3555 822 3642 plurimae
836 3553 955 3620 fabulae
969 3555 1034 3622 huc
1048 3558 1198 3623 advocari
1212 3569 1355 3643 possent.
1401 3558 1517 3628 Monui

401 3667 405 3680 ’
466 3677 597 3763 quidem
617 3698 726 3762 supra,
742 3677 865 3742 nescire
883 3698 952 3754 nos,
968 3678 1059 3761 quid,
1072 3689 1106 3742 et
1125 3690 1280 3763 quantum
1298 3679 1328 3742 ei
1348 3679 1382 3741 in
1399 3677 1516 3743 fabulis

467 3795 654 3861 excolendis
663 3794 773 3861 Graeci
785 3807 893 3881 poetas
904 3797 1168 3875 ministraverint3
1185 3797 1243 3865 sed
1257 3799 1421 3884 ingenium
1434 3819 1518 3882 prae-

468 3915 600 3994 clarum,
616 3915 711 4001 quale
729 3915 762 3980 in
782 3916 929 3981 omnibus
944 3916 1058 3982 Ovidii
1075 3917 1269 3982 carminibus
1287 3915 1403 3994 elucet,
1418 3917 1519 4001 impe-

468 4046 554 4099 trare
574 4057 593 4098 a
613 4056 648 4099 se
661 4056 725 4099 non
739 4046 860 4120 potest,
875 4047 923 4113 ut,
938 4037 1042 4102 missis
1059 4037 1124 4101 suis
1138 4037 1244 4113 bonis,
1260 4047 1412 4120 tanquam
1431 4034 1518 4100 fidus

418 4241 420 4245 ι
468 4155 640 4238 interpres,
656 4126 735 4218 elios
750 4177 876 4241 semper
891 4156 1116 4242 subsequatur.

512 4272 591 4337 Non
605 4295 728 4338 summo
741 4275 856 4338 virium
871 4275 944 4340 nisu
959 4297 1042 4361 opus
1059 4298 1153 4340 suum
1168 4275 1312 4351 excudit,
1326 4274 1384 4339 sed
1399 4295 1417 4338 e
1432 4271 1519 4339 felici

469 4391 525 4457 illa
544 4392 665 4478 ingenii
678 4414 759 4457 vena
773 4395 912 4478 peperit,
924 4417 998 4480 quse
1018 4406 1105 4460 tacta
1124 4395 1230 4459 statim
1245 4392 1413 4479 profundit
1426 4391 1520 4477 quid·

470 4511 550 4598 quid
567 4511 609 4577 ad
630 4533 697 4576 rem
711 4513 863 4596 pertinet,
880 4513 945 4578 sive
963 4511 1069 4578 soluta
1086 4514 1230 4579 oratione
1246 4511 1358 4588 utaris,
1374 4512 1440 4575 sive
1455 4531 1520 4574 me·

471 4634 528 4696 tris
553 4632 735 4698 constricta.
781 4632 890 4698 Datur
918 4633 1002 4698 enim
1031 4633 1094 4698 hoc
1119 4632 1255 4716 ingeniis
1281 4629 1517 4715 quibusdama
