3588 6000
479 768 578 833 xxxvi
859 761 1135 830 ²PRAEFATIO

524 939 578 1005 De
582 939 752 1025 facilitate
764 957 830 1003 non
843 937 1010 1023 estquod
1027 935 1122 1022 plura
1136 935 1253 1015 dicam,
1268 949 1305 1002 ut
1319 961 1394 1024 quae
1413 959 1478 1004 non
1496 930 1530 1004 in

480 1060 614 1146 singulis
627 1058 717 1136 locia,
729 1059 787 1124 aad
802 1059 836 1124 in
850 1069 962 1127 tenore
977 1059 1077 1124 totius
1092 1057 1241 1126 carminis
1256 1047 1417 1126 cernatur.
1457 1059 1531 1126 Ma·

479 1177 568 1246 aulas
592 1179 701 1265 potius
726 1177 896 1244 nonnullas
917 1178 1186 1254 commemorabo,
1207 1199 1289 1264 quaa
1311 1179 1451 1263 impetur
1474 1178 1529 1244 ille

479 1300 610 1385 ingenii,
634 1299 687 1364 cui
705 1296 842 1364 facilitas
864 1299 1014 1376 debetur,
1038 1297 1134 1375 fudit,
1158 1319 1219 1364 nec
1240 1309 1356 1383 poatea
1377 1299 1531 1369 abstersit

478 1427 586 1506 poetae
597 1439 685 1483 mira.
720 1415 759 1482 In
768 1417 808 1481 iia
822 1417 1008 1503 tautologia
1022 1426 1056 1482 et
1070 1414 1273 1501 loquacitatis
1284 1416 1403 1502 ineptae
1416 1418 1529 1483 vitium

479 1537 618 1622 primum
631 1535 757 1600 obtinet
771 1533 889 1612 locum,
902 1546 1000 1621 atque
1014 1535 1048 1600 in
1062 1535 1195 1624 cingulis
1210 1557 1313 1622 prope
1325 1535 1416 1602 libria
1427 1535 1528 1602 offen-

479 1655 539 1722 dit.
577 1654 616 1720 in
637 1652 721 1720 libro
743 1655 765 1719 i.
785 1655 896 1730 89-93,
917 1655 959 1720 ad
981 1655 1115 1720 toedinm
1137 1677 1242 1741 usque
1257 1655 1362 1734 nobis,
1376 1655 1527 1733 inmrlcat,

479 1795 578 1840 aurea
599 1783 694 1840 oetate
714 1773 857 1838 nondum
875 1773 964 1861 leges
987 1773 1098 1850 fuiaae,
1118 1796 1178 1840 nec
1197 1775 1331 1860 judicia.
1376 1773 1527 1852 Temere,

478 1891 589 1970 905-7,
605 1893 705 1958 verba
720 1889 893 1958 cumularit
913 1893 955 1958 de
972 1891 1098 1958 cilentio
1117 1893 1210 1958 Jovia
1223 1893 1415 1960 anctoritate
1430 1893 1525 1960 facto.

478 2011 541 2086 Cui
554 2032 619 2076 non
633 2007 769 2076 molesta
783 2021 859 2076 aunt
872 2009 936 2088 illa,
951 2033 1018 2076 ver.
1035 2013 1096 2076 291
1114 2016 1207 2099 aqqi

554 2177 575 2237 J
576 2197 679 2258 amque
692 2198 771 2238 mare
784 2189 814 2238 et
827 2177 916 2239 tellua
930 2177 1044 2238 nullum
1058 2177 1211 2239 discrimen
1225 2179 1384 2240 habebant:

554 2272 662 2334 Omnia
674 2284 781 2352 pontus
793 2283 893 2344 erant;
914 2272 1034 2334 deerant
1046 2293 1160 2353 quoquc
1173 2273 1259 2334 litora
1271 2283 1374 2353 ponto:

478 2435 597 2521 quibua
612 2455 699 2512 mox,
715 2456 781 2499 ver.
793 2431 870 2511 314,
886 2434 928 2500 de
944 2433 1091 2500 Phocide
1106 2435 1287 2522 subjicitur,

555 2569 646 2631 Terra
658 2569 749 2640 imur,
763 2569 834 2629 dum
846 2581 924 2632 terra
936 2570 1012 2642 tuit;
1033 2569 1085 2630 aed
1098 2582 1224 2650 tempore
1237 2571 1268 2629 in
1281 2570 1332 2630 illo

555 2663 626 2726 Para
640 2665 726 2725 maris
739 2674 770 2726 et
783 2663 861 2724 latua
873 2665 1036 2724 subitarum
1050 2685 1167 2744 campua
1181 2685 1328 2743 aquarum.

475 2807 509 2863 et
524 2817 635 2862 rursus
650 2792 748 2881 paulo
763 2803 848 2880 post,
931 2809 933 2814 ·

748 2929 828 2990 Nam
841 2940 943 2990 cetera
956 2938 1069 2988 texeret
1083 2947 1185 3008 equor.

475 3077 515 3144 ln
529 3099 680 3142 saxorum
694 3073 903 3142 Deucalionis
919 3084 953 3138 et
967 3072 1105 3158 Pyrrbaa
1125 3072 1272 3138 manibus
1282 3074 1443 3160 jactqrum
1457 3097 1526 3140 mu-

474 3197 596 3262 tatione
615 3193 840 3269 describenda,
854 3213 938 3257 vera.
955 3191 1109 3268 400-406,
1122 3191 1179 3256 diu
1198 3193 1232 3256 in
1250 3193 1399 3258 eumdem
1413 3193 1525 3258 orbem

475 3313 786 3400 circumagimus-ii.
814 3311 870 3378 161
900 3331 971 3396 aqq.
998 3321 1048 3376 ter
1071 3311 1162 3388 dicit,
1187 3309 1290 3376 levem
1314 3311 1413 3377 filicae
1439 3310 1524 3378 Solia

474 3453 616 3512 antrum,
631 3443 676 3510 et,
691 3433 782 3519 quasi
801 3431 865 3496 boc
885 3431 1029 3498 nondum
1050 3431 1127 3496 satia
1148 3429 1272 3509 fnisset,
1292 3432 1352 3498 165
1372 3431 1457 3496 idem
1472 3432 1523 3496 bia

474 3552 693 3640 repetit-iii.
719 3551 829 3628 87-89,
850 3559 967 3636 qnater
991 3571 1121 3615 causam
1145 3549 1307 3634 exprimit,
1331 3571 1432 3634 quare
1453 3548 1523 3615 leve

474 3673 572 3738 buerit
585 3671 747 3758 serpentis
761 3667 887 3746 vulnua,

826 3803 905 3876 Quia
917 3823 949 3864 ae
961 3803 1125 3864 retrahebat
1137 3803 1174 3862 ab
1186 3802 1266 3874 ictu;

551 3903 690 3982 Lucaque
703 3899 775 3960 colla
787 3898 874 3960 dabat
887 3909 973 3967 retro,
987 3896 1158 3976 plagamque
1171 3897 1270 3958 aedera

552 3995 690 4058 cedendo
701 3995 824 4064 arcebat,
835 4013 889 4053 nec
900 3992 1015 4072 longius
1028 3992 1069 4050 ire
1082 3991 1202 4052 sinebat.

476 4164 557 4230 Ver·
579 4164 642 4229 418
664 4185 734 4250 aqq.
759 4164 792 4227 in
814 4163 961 4228 Narcissi
982 4161 1093 4228 fabula
1116 4162 1309 4229 intolerabili
1328 4164 1524 4250 loquacitate

475 4281 517 4348 ad
539 4282 684 4348 eamdem
703 4281 822 4367 saepius
847 4281 1010 4348 notionem
1031 4280 1216 4360 revolvitur,
1236 4294 1270 4348 et
1288 4305 1363 4367 quae
1384 4285 1454 4369 ipae
1476 4286 1522 4352 aic

474 4405 614 4480 dixerat,
629 4402 742 4468 eadem
756 4401 942 4488 paulopost
956 4401 1145 4468 Narciaaum
1159 4414 1360 4490 repetentem
1371 4403 1521 4491 fingit.—

473 4524 514 4587 vi.
535 4523 595 4586 192
610 4543 680 4607 sqq.
697 4521 807 4586 Niobe
821 4522 963 4607 quinque
985 4520 1129 4586 formulis
1146 4533 1242 4608 urget
1254 4521 1335 4598 ⁸boc,
1351 4543 1387 4587 ae
1405 4520 1522 4589 libero·

473 4664 544 4707 rum
564 4663 697 4710 numero
720 4639 855 4705 Latonae
875 4642 1139 4726 praestare-rii.
1160 4642 1220 4706 179
1236 4665 1306 4728 aqq.
1328 4641 1432 4708 Lunae
1452 4665 1523 4708 cor·
