<?xml version="1.0" encoding="UTF-8"?>
<!DOCTYPE html PUBLIC "-//W3C//DTD XHTML 1.0 Transitional//EN"
    "http://www.w3.org/TR/xhtml1/DTD/xhtml1-transitional.dtd">
<html xmlns="http://www.w3.org/1999/xhtml" xml:lang="en" lang="en">
 <head>
  <title>
</title>
<meta http-equiv="Content-Type" content="text/html;charset=utf-8" />
  <meta name='ocr-system' content='tesseract 3.04.00' />
  <meta name='ocr-capabilities' content='ocr_page ocr_carea ocr_par ocr_line ocrx_word'/>
</head>
<body>
  <div class='ocr_page' id='page_1' title='image "./opera01giergoog_0036.png"; bbox 0 0 3552 5984; ppageno 0'>
   <div class='ocr_carea' id='block_1_1' title="bbox 492 694 1149 804">
    <p class='ocr_par' dir='ltr' id='par_1_1' title="bbox 492 694 1149 804">
     <span class='ocr_line' id='line_1_1' title="bbox 492 694 1149 804; baseline -0.006 -39"><span class='ocrx_word' id='word_1_1' title='bbox 492 701 594 804; x_wconf 67' lang='lat' dir='ltr'><strong>nvp</strong></span> <span class='ocrx_word' id='word_1_2' title='bbox 860 783 862 786; x_wconf 16' lang='grc' dir='ltr'>Ι</span> <span class='ocrx_word' id='word_1_3' title='bbox 888 694 1149 762; x_wconf 79' lang='lat' dir='ltr'><strong>rsAEsnrro</strong></span> 
     </span>
    </p>
   </div>
   <div class='ocr_carea' id='block_1_2' title="bbox 492 867 1543 958">
    <p class='ocr_par' dir='ltr' id='par_1_2' title="bbox 492 867 1543 958">
     <span class='ocr_line' id='line_1_2' title="bbox 492 867 1543 958; baseline -0.001 -20"><span class='ocrx_word' id='word_1_4' title='bbox 492 872 613 958; x_wconf 86' lang='lat' dir='ltr'>Neque</span> <span class='ocrx_word' id='word_1_5' title='bbox 633 869 730 936; x_wconf 89' lang='lat' dir='ltr'><strong>semel</strong></span> <span class='ocrx_word' id='word_1_6' title='bbox 749 879 874 934; x_wconf 84' lang='lat' dir='ltr'><strong>tantum</strong></span> <span class='ocrx_word' id='word_1_7' title='bbox 893 867 981 934; x_wconf 89' lang='lat' dir='ltr'><strong>illum</strong></span> <span class='ocrx_word' id='word_1_8' title='bbox 999 869 1169 933; x_wconf 79' lang='lat' dir='ltr'><strong>transitum</strong></span> <span class='ocrx_word' id='word_1_9' title='bbox 1190 889 1250 954; x_wconf 92' lang='lat' dir='ltr'><strong>per</strong></span> <span class='ocrx_word' id='word_1_10' title='bbox 1267 880 1377 954; x_wconf 85' lang='lat' dir='ltr'><strong>partes</strong></span> <span class='ocrx_word' id='word_1_11' title='bbox 1398 869 1543 937; x_wconf 90' lang='lat' dir='ltr'><strong>elocutus</strong></span> 
     </span>
    </p>
   </div>
   <div class='ocr_carea' id='block_1_3' title="bbox 491 987 1542 1873">
    <p class='ocr_par' dir='ltr' id='par_1_3' title="bbox 491 987 1542 1302">
     <span class='ocr_line' id='line_1_3' title="bbox 491 987 1542 1072; baseline -0.002 -16"><span class='ocrx_word' id='word_1_12' title='bbox 491 1000 553 1067; x_wconf 89' lang='lat' dir='ltr'><strong>est,</strong></span> <span class='ocrx_word' id='word_1_13' title='bbox 573 990 722 1056; x_wconf 76' lang='lat' dir='ltr'><strong>sedeunt</strong></span> <span class='ocrx_word' id='word_1_14' title='bbox 740 989 895 1053; x_wconf 90' lang='lat' dir='ltr'><strong>varietate</strong></span> <span class='ocrx_word' id='word_1_15' title='bbox 916 988 1045 1072; x_wconf 77' lang='lat' dir='ltr'><strong>saepius.</strong></span> <span class='ocrx_word' id='word_1_16' title='bbox 1085 987 1216 1052; x_wconf 79' lang='lat' dir='ltr'><strong>Etenim</strong></span> <span class='ocrx_word' id='word_1_17' title='bbox 1236 989 1343 1065; x_wconf 88' lang='lat' dir='ltr'><strong>etiam,</strong></span> <span class='ocrx_word' id='word_1_18' title='bbox 1360 990 1401 1052; x_wconf 83' lang='lat' dir='ltr'><strong>vi.</strong></span> <span class='ocrx_word' id='word_1_19' title='bbox 1418 990 1494 1068; x_wconf 70' lang='lat'><strong>303,</strong></span> <span class='ocrx_word' id='word_1_20' title='bbox 1510 992 1542 1054; x_wconf 94' lang='lat' dir='ltr'><strong>in</strong></span> 
     </span>
     <span class='ocr_line' id='line_1_4' title="bbox 491 1108 721 1173; baseline -0.013 0"><span class='ocrx_word' id='word_1_21' title='bbox 491 1108 621 1173; x_wconf 81' lang='lat' dir='ltr'><strong>Niobe:</strong></span> <span class='ocrx_word' id='word_1_22' title='bbox 713 1162 721 1170; x_wconf 96' lang='lat'><em>.</em></span> 
     </span>
     <span class='ocr_line' id='line_1_5' title="bbox 883 1223 1322 1302; baseline -0.002 -20"><span class='ocrx_word' id='word_1_23' title='bbox 883 1223 991 1283; x_wconf 89' lang='lat' dir='ltr'><strong>Nullos</strong></span> <span class='ocrx_word' id='word_1_24' title='bbox 1003 1234 1100 1284; x_wconf 85' lang='lat' dir='ltr'><strong>movet</strong></span> <span class='ocrx_word' id='word_1_25' title='bbox 1113 1243 1183 1284; x_wconf 83' lang='lat' dir='ltr'><strong>aurs</strong></span> <span class='ocrx_word' id='word_1_26' title='bbox 1196 1223 1322 1302; x_wconf 85' lang='lat' dir='ltr'><strong>capillos.</strong></span> 
     </span>
    </p>

    <p class='ocr_par' dir='ltr' id='par_1_4' title="bbox 609 1317 1392 1398">
     <span class='ocr_line' id='line_1_6' title="bbox 609 1317 1392 1398; baseline -0.003 -18"><span class='ocrx_word' id='word_1_27' title='bbox 609 1321 648 1380; x_wconf 93' lang='lat' dir='ltr'><strong>ln</strong></span> <span class='ocrx_word' id='word_1_28' title='bbox 661 1320 745 1380; x_wconf 84' lang='lat' dir='ltr'><strong>vultu</strong></span> <span class='ocrx_word' id='word_1_29' title='bbox 758 1319 834 1380; x_wconf 88' lang='lat' dir='ltr'><strong>color</strong></span> <span class='ocrx_word' id='word_1_30' title='bbox 846 1319 966 1380; x_wconf 87' lang='lat' dir='ltr'><strong>estsine</strong></span> <span class='ocrx_word' id='word_1_31' title='bbox 979 1319 1135 1398; x_wconf 82' lang='lat' dir='ltr'><strong>sanguine:</strong></span> <span class='ocrx_word' id='word_1_32' title='bbox 1157 1317 1268 1378; x_wconf 87' lang='lat' dir='ltr'><strong>lumina</strong></span> <span class='ocrx_word' id='word_1_33' title='bbox 1281 1320 1392 1378; x_wconf 85' lang='lat' dir='ltr'><strong>moestr&#39;s</strong></span> 
     </span>
    </p>

    <p class='ocr_par' dir='ltr' id='par_1_5' title="bbox 609 1412 1357 1492">
     <span class='ocr_line' id='line_1_7' title="bbox 609 1412 1357 1492; baseline -0.007 -17"><span class='ocrx_word' id='word_1_34' title='bbox 609 1414 696 1475; x_wconf 81' lang='lat' dir='ltr'><strong>Stant</strong></span> <span class='ocrx_word' id='word_1_35' title='bbox 709 1415 829 1473; x_wconf 86' lang='lat' dir='ltr'><strong>immota</strong></span> <span class='ocrx_word' id='word_1_36' title='bbox 841 1413 939 1492; x_wconf 84' lang='lat' dir='ltr'><strong>genis:</strong></span> <span class='ocrx_word' id='word_1_37' title='bbox 961 1412 1036 1471; x_wconf 88' lang='lat' dir='ltr'><strong>nihil</strong></span> <span class='ocrx_word' id='word_1_38' title='bbox 1049 1423 1093 1472; x_wconf 85' lang='lat' dir='ltr'><strong>est</strong></span> <span class='ocrx_word' id='word_1_39' title='bbox 1107 1413 1137 1471; x_wconf 89' lang='lat' dir='ltr'><strong>in</strong></span> <span class='ocrx_word' id='word_1_40' title='bbox 1151 1412 1276 1490; x_wconf 76' lang='lat' dir='ltr'><strong>imagine</strong></span> <span class='ocrx_word' id='word_1_41' title='bbox 1289 1413 1357 1472; x_wconf 87' lang='lat' dir='ltr'><strong>vivi.</strong></span> 
     </span>
    </p>

    <p class='ocr_par' dir='ltr' id='par_1_6' title="bbox 608 1506 1323 1589">
     <span class='ocr_line' id='line_1_8' title="bbox 608 1506 1323 1589; baseline 0 -21"><span class='ocrx_word' id='word_1_42' title='bbox 608 1510 677 1589; x_wconf 84' lang='lat' dir='ltr'><strong>lpse</strong></span> <span class='ocrx_word' id='word_1_43' title='bbox 689 1528 802 1588; x_wconf 89' lang='lat' dir='ltr'><strong>quoque</strong></span> <span class='ocrx_word' id='word_1_44' title='bbox 814 1507 937 1568; x_wconf 88' lang='lat' dir='ltr'><strong>interius</strong></span> <span class='ocrx_word' id='word_1_45' title='bbox 950 1527 1016 1567; x_wconf 88' lang='lat' dir='ltr'><strong>cum</strong></span> <span class='ocrx_word' id='word_1_46' title='bbox 1030 1507 1102 1567; x_wconf 87' lang='lat' dir='ltr'><strong>duro</strong></span> <span class='ocrx_word' id='word_1_47' title='bbox 1115 1506 1215 1587; x_wconf 82' lang='lat' dir='ltr'><strong>lingua</strong></span> <span class='ocrx_word' id='word_1_48' title='bbox 1228 1507 1323 1587; x_wconf 88' lang='lat' dir='ltr'><strong>palstn</strong></span> 
     </span>
    </p>

    <p class='ocr_par' dir='ltr' id='par_1_7' title="bbox 608 1602 1283 1683">
     <span class='ocr_line' id='line_1_9' title="bbox 608 1602 1283 1683; baseline -0.007 -19"><span class='ocrx_word' id='word_1_49' title='bbox 608 1603 760 1683; x_wconf 85' lang='lat' dir='ltr'><strong>Congelst,</strong></span> <span class='ocrx_word' id='word_1_50' title='bbox 774 1613 804 1663; x_wconf 91' lang='lat' dir='ltr'><strong>et</strong></span> <span class='ocrx_word' id='word_1_51' title='bbox 818 1623 899 1662; x_wconf 79' lang='lat' dir='ltr'><strong>renoe</strong></span> <span class='ocrx_word' id='word_1_52' title='bbox 912 1602 1058 1662; x_wconf 87' lang='lat' dir='ltr'><strong>desistunt</strong></span> <span class='ocrx_word' id='word_1_53' title='bbox 1071 1621 1154 1681; x_wconf 85' lang='lat' dir='ltr'><strong>posse</strong></span> <span class='ocrx_word' id='word_1_54' title='bbox 1166 1603 1283 1662; x_wconf 85' lang='lat' dir='ltr'><strong>moveri.</strong></span> 
     </span>
    </p>

    <p class='ocr_par' dir='ltr' id='par_1_8' title="bbox 607 1695 1337 1775">
     <span class='ocr_line' id='line_1_10' title="bbox 607 1695 1337 1775; baseline -0.003 -17"><span class='ocrx_word' id='word_1_55' title='bbox 607 1699 674 1758; x_wconf 87' lang='lat' dir='ltr'><strong>Nec</strong></span> <span class='ocrx_word' id='word_1_56' title='bbox 686 1698 765 1757; x_wconf 85' lang='lat' dir='ltr'><strong>flecti</strong></span> <span class='ocrx_word' id='word_1_57' title='bbox 777 1697 884 1766; x_wconf 84' lang='lat' dir='ltr'><strong>cervix,</strong></span> <span class='ocrx_word' id='word_1_58' title='bbox 898 1715 952 1757; x_wconf 88' lang='lat' dir='ltr'><strong>nec</strong></span> <span class='ocrx_word' id='word_1_59' title='bbox 964 1695 1080 1756; x_wconf 86' lang='lat' dir='ltr'><strong>brachis</strong></span> <span class='ocrx_word' id='word_1_60' title='bbox 1093 1695 1215 1756; x_wconf 89' lang='lat' dir='ltr'><strong>reddere</strong></span> <span class='ocrx_word' id='word_1_61' title='bbox 1227 1707 1337 1775; x_wconf 80' lang='lat' dir='ltr'><strong>gestus,</strong></span> 
     </span>
    </p>

    <p class='ocr_par' dir='ltr' id='par_1_9' title="bbox 606 1793 904 1873">
     <span class='ocr_line' id='line_1_11' title="bbox 606 1793 904 1873; baseline -0.007 -21"><span class='ocrx_word' id='word_1_62' title='bbox 606 1793 672 1854; x_wconf 88' lang='lat' dir='ltr'><strong>Nec</strong></span> <span class='ocrx_word' id='word_1_63' title='bbox 684 1813 736 1873; x_wconf 90' lang='lat' dir='ltr'><strong>pes</strong></span> <span class='ocrx_word' id='word_1_64' title='bbox 745 1793 788 1852; x_wconf 90' lang='lat' dir='ltr'><strong>ire</strong></span> <span class='ocrx_word' id='word_1_65' title='bbox 801 1803 904 1871; x_wconf 85' lang='lat' dir='ltr'><strong>potest.</strong></span> 
     </span>
    </p>
   </div>
   <div class='ocr_carea' id='block_1_4' title="bbox 488 1930 1538 2080">
    <p class='ocr_par' dir='ltr' id='par_1_10' title="bbox 488 1930 1538 2080">
     <span class='ocr_line' id='line_1_12' title="bbox 488 1930 1538 2080; baseline 0 -44"><span class='ocrx_word' id='word_1_66' title='bbox 488 1971 562 2037; x_wconf 86' lang='lat' dir='ltr'><strong>Nec</strong></span> <span class='ocrx_word' id='word_1_67' title='bbox 587 1971 650 2036; x_wconf 91' lang='lat' dir='ltr'><strong>hoc</strong></span> <span class='ocrx_word' id='word_1_68' title='bbox 676 1969 851 2034; x_wconf 73' lang='lat' dir='ltr'><strong>satis-iv.</strong></span> <span class='ocrx_word' id='word_1_69' title='bbox 871 1969 946 2047; x_wconf 84' lang='lat'><strong>551,</strong></span> <span class='ocrx_word' id='word_1_70' title='bbox 971 1967 1080 2054; x_wconf 86' lang='lat' dir='ltr'><strong>plures</strong></span> <span class='ocrx_word' id='word_1_71' title='bbox 1106 1969 1255 2080; x_wconf 74' lang='lat' dir='ltr'><strong>mulieres</strong></span> <span class='ocrx_word' id='word_1_72' title='bbox 1278 1969 1370 2034; x_wconf 88' lang='lat' dir='ltr'><strong>simul</strong></span> <span class='ocrx_word' id='word_1_73' title='bbox 1393 1930 1538 2036; x_wconf 88' lang='lat' dir='ltr'><strong>eamdem</strong></span> 
     </span>
    </p>
   </div>
   <div class='ocr_carea' id='block_1_5' title="bbox 488 2091 807 2176">
    <p class='ocr_par' dir='ltr' id='par_1_11' title="bbox 488 2091 807 2176">
     <span class='ocr_line' id='line_1_13' title="bbox 488 2091 807 2176; baseline -0.009 -20"><span class='ocrx_word' id='word_1_74' title='bbox 488 2103 606 2158; x_wconf 86' lang='lat' dir='ltr'><strong>sortem</strong></span> <span class='ocrx_word' id='word_1_75' title='bbox 621 2091 807 2176; x_wconf 81' lang='lat' dir='ltr'><strong>patiuntur:</strong></span> 
     </span>
    </p>
   </div>
   <div class='ocr_carea' id='block_1_6' title="bbox 603 2222 1391 2777">
    <p class='ocr_par' dir='ltr' id='par_1_12' title="bbox 603 2222 1391 2777">
     <span class='ocr_line' id='line_1_14' title="bbox 880 2222 1391 2303; baseline 0 -21"><span class='ocrx_word' id='word_1_76' title='bbox 880 2222 1051 2303; x_wconf 87' lang='lat' dir='ltr'><strong>Saltumque</strong></span> <span class='ocrx_word' id='word_1_77' title='bbox 1065 2223 1168 2286; x_wconf 88' lang='lat' dir='ltr'><strong>datura</strong></span> <span class='ocrx_word' id='word_1_78' title='bbox 1180 2225 1286 2286; x_wconf 86' lang='lat' dir='ltr'><strong>moveri</strong></span> <span class='ocrx_word' id='word_1_79' title='bbox 1387 2273 1391 2282; x_wconf 95' lang='lat'>.</span> 
     </span>
     <span class='ocr_line' id='line_1_15' title="bbox 604 2317 1380 2397; baseline -0.004 -19"><span class='ocrx_word' id='word_1_80' title='bbox 604 2317 697 2378; x_wconf 85' lang='lat' dir='ltr'><strong>Haud</strong></span> <span class='ocrx_word' id='word_1_81' title='bbox 709 2337 831 2396; x_wconf 88' lang='lat' dir='ltr'><strong>usquam</strong></span> <span class='ocrx_word' id='word_1_82' title='bbox 844 2318 948 2396; x_wconf 87' lang='lat' dir='ltr'><strong>potuit,</strong></span> <span class='ocrx_word' id='word_1_83' title='bbox 962 2317 1135 2397; x_wconf 75' lang='lat' dir='ltr'><strong>scopuloque</strong></span> <span class='ocrx_word' id='word_1_84' title='bbox 1148 2317 1243 2378; x_wconf 80' lang='lat' dir='ltr'><strong>adfixa</strong></span> <span class='ocrx_word' id='word_1_85' title='bbox 1256 2319 1380 2378; x_wconf 75' lang='lat' dir='ltr'><strong>cohesit.</strong></span> 
     </span>
     <span class='ocr_line' id='line_1_16' title="bbox 603 2412 1260 2492; baseline 0.002 -19"><span class='ocrx_word' id='word_1_86' title='bbox 603 2413 718 2482; x_wconf 83' lang='lat' dir='ltr'><strong>Altera,</strong></span> <span class='ocrx_word' id='word_1_87' title='bbox 732 2412 803 2472; x_wconf 87' lang='lat' dir='ltr'><strong>dnm</strong></span> <span class='ocrx_word' id='word_1_88' title='bbox 815 2412 900 2472; x_wconf 87' lang='lat' dir='ltr'><strong>solito</strong></span> <span class='ocrx_word' id='word_1_89' title='bbox 912 2423 1009 2476; x_wconf 90' lang='lat' dir='ltr'><strong>tentat</strong></span> <span class='ocrx_word' id='word_1_90' title='bbox 1022 2413 1158 2492; x_wconf 82' lang='lat' dir='ltr'><strong>plangore</strong></span> <span class='ocrx_word' id='word_1_91' title='bbox 1172 2415 1260 2474; x_wconf 86' lang='lat' dir='ltr'><strong>ferire</strong></span> 
     </span>
     <span class='ocr_line' id='line_1_17' title="bbox 603 2507 1381 2588; baseline 0.008 -22"><span class='ocrx_word' id='word_1_92' title='bbox 603 2507 736 2578; x_wconf 86' lang='lat' dir='ltr'><strong>Pectora,</strong></span> <span class='ocrx_word' id='word_1_93' title='bbox 749 2515 876 2568; x_wconf 89' lang='lat' dir='ltr'><strong>tentatos</strong></span> <span class='ocrx_word' id='word_1_94' title='bbox 888 2508 978 2568; x_wconf 79' lang='lat' dir='ltr'><strong>sentit</strong></span> <span class='ocrx_word' id='word_1_95' title='bbox 990 2508 1113 2588; x_wconf 75' lang='lat' dir='ltr'><strong>riguisse</strong></span> <span class='ocrx_word' id='word_1_96' title='bbox 1126 2508 1255 2570; x_wconf 82' lang='lat' dir='ltr'><strong>lscertcs·</strong></span> <span class='ocrx_word' id='word_1_97' title='bbox 1377 2569 1381 2572; x_wconf 88' lang='lat'>.</span> 
     </span>
     <span class='ocr_line' id='line_1_18' title="bbox 604 2601 1359 2673; baseline 0.005 -13"><span class='ocrx_word' id='word_1_98' title='bbox 604 2601 670 2671; x_wconf 87' lang='lat' dir='ltr'><strong>Illa,</strong></span> <span class='ocrx_word' id='word_1_99' title='bbox 683 2622 786 2662; x_wconf 87' lang='lat' dir='ltr'><strong>manus</strong></span> <span class='ocrx_word' id='word_1_100' title='bbox 799 2613 833 2662; x_wconf 89' lang='lat' dir='ltr'><strong>ut</strong></span> <span class='ocrx_word' id='word_1_101' title='bbox 847 2603 921 2663; x_wconf 82' lang='lat' dir='ltr'><strong>forte</strong></span> <span class='ocrx_word' id='word_1_102' title='bbox 934 2603 1099 2664; x_wconf 88' lang='lat' dir='ltr'><strong>tetenderat</strong></span> <span class='ocrx_word' id='word_1_103' title='bbox 1112 2606 1143 2662; x_wconf 91' lang='lat' dir='ltr'><strong>in</strong></span> <span class='ocrx_word' id='word_1_104' title='bbox 1157 2605 1244 2664; x_wconf 81' lang='lat' dir='ltr'><strong>maris</strong></span> <span class='ocrx_word' id='word_1_105' title='bbox 1256 2603 1359 2673; x_wconf 84' lang='lat' dir='ltr'><strong>undas,</strong></span> 
     </span>
     <span class='ocr_line' id='line_1_19' title="bbox 603 2696 1322 2777; baseline 0.003 -21"><span class='ocrx_word' id='word_1_106' title='bbox 603 2696 697 2758; x_wconf 83' lang='lat' dir='ltr'><strong>Saxea</strong></span> <span class='ocrx_word' id='word_1_107' title='bbox 709 2697 785 2757; x_wconf 81' lang='lat' dir='ltr'><strong>iacta</strong></span> <span class='ocrx_word' id='word_1_108' title='bbox 797 2717 900 2757; x_wconf 89' lang='lat' dir='ltr'><strong>manus</strong></span> <span class='ocrx_word' id='word_1_109' title='bbox 913 2699 945 2756; x_wconf 89' lang='lat' dir='ltr'><strong>in</strong></span> <span class='ocrx_word' id='word_1_110' title='bbox 958 2696 1073 2758; x_wconf 87' lang='lat' dir='ltr'><strong>easdem</strong></span> <span class='ocrx_word' id='word_1_111' title='bbox 1086 2699 1207 2777; x_wconf 81' lang='lat' dir='ltr'><strong>porrigit</strong></span> <span class='ocrx_word' id='word_1_112' title='bbox 1220 2698 1322 2767; x_wconf 85' lang='lat' dir='ltr'><strong>undas,</strong></span> 
     </span>
    </p>
   </div>
   <div class='ocr_carea' id='block_1_7' title="bbox 481 2890 1536 4168">
    <p class='ocr_par' dir='ltr' id='par_1_13' title="bbox 481 2890 1536 3700">
     <span class='ocr_line' id='line_1_20' title="bbox 484 2890 1536 2996; baseline 0.002 -40"><span class='ocrx_word' id='word_1_113' title='bbox 484 2902 518 2957; x_wconf 89' lang='lat' dir='ltr'><strong>et</strong></span> <span class='ocrx_word' id='word_1_114' title='bbox 532 2914 606 2977; x_wconf 85' lang='lat' dir='ltr'><strong>quae</strong></span> <span class='ocrx_word' id='word_1_115' title='bbox 617 2890 718 2984; x_wconf 77' lang='lat' dir='ltr'><strong>plura</strong></span> <span class='ocrx_word' id='word_1_116' title='bbox 732 2901 921 2976; x_wconf 88' lang='lat' dir='ltr'><strong>sequuntur.</strong></span> <span class='ocrx_word' id='word_1_117' title='bbox 946 2891 1013 2957; x_wconf 88' lang='lat' dir='ltr'><strong>Hic</strong></span> <span class='ocrx_word' id='word_1_118' title='bbox 1025 2893 1235 2996; x_wconf 86' lang='lat' dir='ltr'><strong>mutationem</strong></span> <span class='ocrx_word' id='word_1_119' title='bbox 1247 2891 1391 2978; x_wconf 82' lang='lat' dir='ltr'><strong>generali</strong></span> <span class='ocrx_word' id='word_1_120' title='bbox 1404 2893 1536 2978; x_wconf 92' lang='lat' dir='ltr'><strong>quidem</strong></span> 
     </span>
     <span class='ocr_line' id='line_1_21' title="bbox 483 3010 1535 3098; baseline 0.004 -24"><span class='ocrx_word' id='word_1_121' title='bbox 483 3011 614 3075; x_wconf 89' lang='lat' dir='ltr'><strong>notione</strong></span> <span class='ocrx_word' id='word_1_122' title='bbox 635 3020 751 3095; x_wconf 83' lang='lat' dir='ltr'><strong>quater</strong></span> <span class='ocrx_word' id='word_1_123' title='bbox 767 3010 929 3096; x_wconf 86' lang='lat' dir='ltr'><strong>exprimit,</strong></span> <span class='ocrx_word' id='word_1_124' title='bbox 951 3013 1009 3077; x_wconf 88' lang='lat' dir='ltr'><strong>sed</strong></span> <span class='ocrx_word' id='word_1_125' title='bbox 1029 3013 1158 3079; x_wconf 86' lang='lat' dir='ltr'><strong>variatis</strong></span> <span class='ocrx_word' id='word_1_126' title='bbox 1178 3015 1296 3090; x_wconf 88' lang='lat' dir='ltr'><strong>verbis,</strong></span> <span class='ocrx_word' id='word_1_127' title='bbox 1318 3025 1351 3080; x_wconf 92' lang='lat' dir='ltr'><strong>et</strong></span> <span class='ocrx_word' id='word_1_128' title='bbox 1375 3035 1535 3098; x_wconf 82' lang='lat' dir='ltr'><strong>quamque</strong></span> 
     </span>
     <span class='ocr_line' id='line_1_22' title="bbox 483 3127 1536 3236; baseline 0.002 -44"><span class='ocrx_word' id='word_1_129' title='bbox 483 3127 648 3194; x_wconf 90' lang='lat' dir='ltr'><strong>mulierem</strong></span> <span class='ocrx_word' id='word_1_130' title='bbox 663 3129 696 3192; x_wconf 88' lang='lat' dir='ltr'><strong>in</strong></span> <span class='ocrx_word' id='word_1_131' title='bbox 710 3127 774 3193; x_wconf 80' lang='lat' dir='ltr'><strong>alio</strong></span> <span class='ocrx_word' id='word_1_132' title='bbox 789 3140 883 3214; x_wconf 81' lang='lat' dir='ltr'><strong>gestu</strong></span> <span class='ocrx_word' id='word_1_133' title='bbox 898 3130 1033 3196; x_wconf 82' lang='lat' dir='ltr'><strong>formam</strong></span> <span class='ocrx_word' id='word_1_134' title='bbox 1047 3153 1166 3236; x_wconf 80' lang='lat' dir='ltr'><strong>novam</strong></span> <span class='ocrx_word' id='word_1_135' title='bbox 1177 3131 1320 3196; x_wconf 79' lang='lat' dir='ltr'><strong>induisse</strong></span> <span class='ocrx_word' id='word_1_136' title='bbox 1335 3130 1439 3215; x_wconf 86' lang='lat' dir='ltr'><strong>fingit.</strong></span> <span class='ocrx_word' id='word_1_137' title='bbox 1485 3129 1536 3194; x_wconf 87' lang='lat' dir='ltr'><strong>Si-</strong></span> 
     </span>
     <span class='ocr_line' id='line_1_23' title="bbox 482 3245 1535 3334; baseline 0.001 -23"><span class='ocrx_word' id='word_1_138' title='bbox 482 3245 556 3312; x_wconf 90' lang='lat' dir='ltr'><strong>mile</strong></span> <span class='ocrx_word' id='word_1_139' title='bbox 581 3246 771 3332; x_wconf 85' lang='lat' dir='ltr'><strong>figmentum</strong></span> <span class='ocrx_word' id='word_1_140' title='bbox 792 3249 888 3313; x_wconf 89' lang='lat' dir='ltr'><strong>etiam</strong></span> <span class='ocrx_word' id='word_1_141' title='bbox 910 3250 943 3313; x_wconf 93' lang='lat' dir='ltr'><strong>in</strong></span> <span class='ocrx_word' id='word_1_142' title='bbox 965 3250 1072 3312; x_wconf 82' lang='lat' dir='ltr'><strong>nautis</strong></span> <span class='ocrx_word' id='word_1_143' title='bbox 1100 3248 1286 3334; x_wconf 73' lang='lat' dir='ltr'><strong>Tyrrhenis,</strong></span> <span class='ocrx_word' id='word_1_144' title='bbox 1308 3247 1535 3333; x_wconf 87' lang='lat' dir='ltr'><strong>delphinorum</strong></span> 
     </span>
     <span class='ocr_line' id='line_1_24' title="bbox 482 3365 1535 3453; baseline -0.001 -23"><span class='ocrx_word' id='word_1_145' title='bbox 482 3375 632 3431; x_wconf 80' lang='lat' dir='ltr'><strong>naturam</strong></span> <span class='ocrx_word' id='word_1_146' title='bbox 650 3365 894 3452; x_wconf 86' lang='lat' dir='ltr'><strong>accipientibus,</strong></span> <span class='ocrx_word' id='word_1_147' title='bbox 914 3367 957 3432; x_wconf 91' lang='lat' dir='ltr'><strong>iii.</strong></span> <span class='ocrx_word' id='word_1_148' title='bbox 975 3369 1050 3445; x_wconf 84' lang='lat'><strong>671,</strong></span> <span class='ocrx_word' id='word_1_149' title='bbox 1069 3367 1264 3453; x_wconf 82' lang='lat' dir='ltr'><strong>reperimus3</strong></span> <span class='ocrx_word' id='word_1_150' title='bbox 1287 3389 1471 3452; x_wconf 88' lang='lat' dir='ltr'><strong>quanquam</strong></span> <span class='ocrx_word' id='word_1_151' title='bbox 1490 3367 1535 3431; x_wconf 91' lang='lat' dir='ltr'><strong>ibi</strong></span> 
     </span>
     <span class='ocr_line' id='line_1_25' title="bbox 481 3483 1328 3572; baseline -0.001 -22"><span class='ocrx_word' id='word_1_152' title='bbox 481 3494 515 3550; x_wconf 90' lang='lat' dir='ltr'><strong>et</strong></span> <span class='ocrx_word' id='word_1_153' title='bbox 530 3485 562 3549; x_wconf 91' lang='lat' dir='ltr'><strong>in</strong></span> <span class='ocrx_word' id='word_1_154' title='bbox 577 3483 710 3570; x_wconf 83' lang='lat' dir='ltr'><strong>singulis</strong></span> <span class='ocrx_word' id='word_1_155' title='bbox 724 3483 795 3549; x_wconf 81' lang='lat' dir='ltr'><strong>aliae</strong></span> <span class='ocrx_word' id='word_1_156' title='bbox 807 3484 953 3570; x_wconf 89' lang='lat' dir='ltr'><strong>delphini</strong></span> <span class='ocrx_word' id='word_1_157' title='bbox 969 3497 1079 3572; x_wconf 83' lang='lat' dir='ltr'><strong>partes</strong></span> <span class='ocrx_word' id='word_1_158' title='bbox 1094 3497 1328 3551; x_wconf 88' lang='lat' dir='ltr'><strong>memorantur:</strong></span> 
     </span>
     <span class='ocr_line' id='line_1_26' title="bbox 795 3619 1378 3700; baseline 0.005 -23"><span class='ocrx_word' id='word_1_159' title='bbox 795 3619 968 3699; x_wconf 84' lang='lat' dir='ltr'><strong>Primusque</strong></span> <span class='ocrx_word' id='word_1_160' title='bbox 983 3620 1093 3680; x_wconf 90' lang='lat' dir='ltr'><strong>Medon</strong></span> <span class='ocrx_word' id='word_1_161' title='bbox 1107 3621 1267 3700; x_wconf 81' lang='lat' dir='ltr'><strong>nigrescere</strong></span> <span class='ocrx_word' id='word_1_162' title='bbox 1280 3621 1378 3698; x_wconf 88' lang='lat' dir='ltr'><strong>pinnis</strong></span> 
     </span>
    </p>

    <p class='ocr_par' dir='ltr' id='par_1_14' title="bbox 598 3713 1298 3794">
     <span class='ocr_line' id='line_1_27' title="bbox 598 3713 1298 3794; baseline 0.001 -21"><span class='ocrx_word' id='word_1_163' title='bbox 598 3714 724 3794; x_wconf 83' lang='lat' dir='ltr'><strong>Corpore</strong></span> <span class='ocrx_word' id='word_1_164' title='bbox 737 3713 879 3792; x_wconf 85' lang='lat' dir='ltr'><strong>depresso,</strong></span> <span class='ocrx_word' id='word_1_165' title='bbox 893 3725 924 3774; x_wconf 90' lang='lat' dir='ltr'><strong>et</strong></span> <span class='ocrx_word' id='word_1_166' title='bbox 937 3715 1028 3794; x_wconf 77' lang='lat' dir='ltr'><strong>spinae</strong></span> <span class='ocrx_word' id='word_1_167' title='bbox 1040 3715 1206 3776; x_wconf 83' lang='lat' dir='ltr'><strong>curvamina</strong></span> <span class='ocrx_word' id='word_1_168' title='bbox 1219 3714 1298 3774; x_wconf 88' lang='lat' dir='ltr'><strong>flecti</strong></span> 
     </span>
    </p>

    <p class='ocr_par' dir='ltr' id='par_1_15' title="bbox 598 3806 1347 3888">
     <span class='ocr_line' id='line_1_28' title="bbox 598 3806 1347 3888; baseline 0.003 -22"><span class='ocrx_word' id='word_1_169' title='bbox 598 3806 723 3887; x_wconf 86' lang='lat' dir='ltr'><strong>Incipit:</strong></span> <span class='ocrx_word' id='word_1_170' title='bbox 744 3808 812 3868; x_wconf 90' lang='lat' dir='ltr'><strong>huic</strong></span> <span class='ocrx_word' id='word_1_171' title='bbox 824 3807 964 3886; x_wconf 85' lang='lat' dir='ltr'><strong>Lycabas,</strong></span> <span class='ocrx_word' id='word_1_172' title='bbox 978 3809 1087 3888; x_wconf 82' lang='lat' dir='ltr'><strong>inques</strong></span> <span class='ocrx_word' id='word_1_173' title='bbox 1099 3808 1249 3874; x_wconf 65' lang='lat' dir='ltr'><strong>rdraculm</strong></span> <span class='ocrx_word' id='word_1_174' title='bbox 1263 3809 1347 3878; x_wconf 86' lang='lat' dir='ltr'><strong>dixit,</strong></span> 
     </span>
    </p>

    <p class='ocr_par' dir='ltr' id='par_1_16' title="bbox 597 3901 1265 3984">
     <span class='ocr_line' id='line_1_29' title="bbox 597 3901 1265 3984; baseline 0.003 -24"><span class='ocrx_word' id='word_1_175' title='bbox 597 3901 751 3964; x_wconf 81' lang='lat' dir='ltr'><strong>Verteris?</strong></span> <span class='ocrx_word' id='word_1_176' title='bbox 763 3913 803 3984; x_wconf 81' lang='lat' dir='ltr'><strong>¹et</strong></span> <span class='ocrx_word' id='word_1_177' title='bbox 815 3903 868 3964; x_wconf 88' lang='lat' dir='ltr'><strong>lati</strong></span> <span class='ocrx_word' id='word_1_178' title='bbox 881 3903 971 3964; x_wconf 84' lang='lat' dir='ltr'><strong>rictus</strong></span> <span class='ocrx_word' id='word_1_179' title='bbox 984 3915 1015 3964; x_wconf 87' lang='lat' dir='ltr'><strong>et</strong></span> <span class='ocrx_word' id='word_1_180' title='bbox 1028 3903 1123 3983; x_wconf 85' lang='lat' dir='ltr'><strong>panda</strong></span> <span class='ocrx_word' id='word_1_181' title='bbox 1135 3904 1265 3983; x_wconf 84' lang='lat' dir='ltr'><strong>loquenti</strong></span> 
     </span>
    </p>

    <p class='ocr_par' dir='ltr' id='par_1_17' title="bbox 597 3996 1350 4076">
     <span class='ocr_line' id='line_1_30' title="bbox 597 3996 1350 4076; baseline 0.004 -22"><span class='ocrx_word' id='word_1_182' title='bbox 597 3996 687 4056; x_wconf 85' lang='lat' dir='ltr'><strong>Naris</strong></span> <span class='ocrx_word' id='word_1_183' title='bbox 698 4008 771 4066; x_wconf 89' lang='lat' dir='ltr'><strong>erat,</strong></span> <span class='ocrx_word' id='word_1_184' title='bbox 785 4017 991 4076; x_wconf 88' lang='lat' dir='ltr'><strong>squamamque</strong></span> <span class='ocrx_word' id='word_1_185' title='bbox 1004 3998 1080 4058; x_wconf 89' lang='lat' dir='ltr'><strong>cutis</strong></span> <span class='ocrx_word' id='word_1_186' title='bbox 1093 3998 1197 4058; x_wconf 87' lang='lat' dir='ltr'><strong>durata</strong></span> <span class='ocrx_word' id='word_1_187' title='bbox 1209 3997 1350 4058; x_wconf 80' lang='lat' dir='ltr'><strong>trahebat</strong></span> 
     </span>
    </p>

    <p class='ocr_par' dir='ltr' id='par_1_18' title="bbox 597 4088 1352 4168">
     <span class='ocr_line' id='line_1_31' title="bbox 597 4088 1352 4168; baseline 0.003 -20"><span class='ocrx_word' id='word_1_188' title='bbox 597 4088 642 4150; x_wconf 89' lang='lat' dir='ltr'><strong>At</strong></span> <span class='ocrx_word' id='word_1_189' title='bbox 654 4089 755 4168; x_wconf 85' lang='lat' dir='ltr'><strong>Libys,</strong></span> <span class='ocrx_word' id='word_1_190' title='bbox 767 4093 915 4152; x_wconf 87' lang='lat' dir='ltr'><strong>obstantes</strong></span> <span class='ocrx_word' id='word_1_191' title='bbox 928 4090 998 4151; x_wconf 90' lang='lat' dir='ltr'><strong>dum</strong></span> <span class='ocrx_word' id='word_1_192' title='bbox 1010 4091 1075 4154; x_wconf 79' lang='lat' dir='ltr'><strong>vult</strong></span> <span class='ocrx_word' id='word_1_193' title='bbox 1087 4093 1235 4152; x_wconf 86' lang='lat' dir='ltr'><strong>obvertere</strong></span> <span class='ocrx_word' id='word_1_194' title='bbox 1247 4111 1352 4162; x_wconf 89' lang='lat' dir='ltr'><strong>remos,</strong></span> 
     </span>
    </p>
   </div>
   <div class='ocr_carea' id='block_1_8' title="bbox 595 4183 1406 4360">
    <p class='ocr_par' dir='ltr' id='par_1_19' title="bbox 595 4183 1406 4360">
     <span class='ocr_line' id='line_1_32' title="bbox 596 4183 1332 4263; baseline 0.003 -21"><span class='ocrx_word' id='word_1_195' title='bbox 596 4183 634 4242; x_wconf 94' lang='lat' dir='ltr'><strong>In</strong></span> <span class='ocrx_word' id='word_1_196' title='bbox 646 4184 772 4263; x_wconf 86' lang='lat' dir='ltr'><strong>spatium</strong></span> <span class='ocrx_word' id='word_1_197' title='bbox 785 4184 895 4245; x_wconf 87' lang='lat' dir='ltr'><strong>resilire</strong></span> <span class='ocrx_word' id='word_1_198' title='bbox 908 4204 1012 4245; x_wconf 83' lang='lat' dir='ltr'><strong>manus</strong></span> <span class='ocrx_word' id='word_1_199' title='bbox 1025 4186 1111 4246; x_wconf 85' lang='lat' dir='ltr'><strong>breve</strong></span> <span class='ocrx_word' id='word_1_200' title='bbox 1124 4184 1208 4254; x_wconf 87' lang='lat' dir='ltr'><strong>vidit,</strong></span> <span class='ocrx_word' id='word_1_201' title='bbox 1221 4197 1253 4245; x_wconf 88' lang='lat' dir='ltr'><strong>ct</strong></span> <span class='ocrx_word' id='word_1_202' title='bbox 1265 4185 1332 4245; x_wconf 84' lang='lat' dir='ltr'><strong>illas</strong></span> 
     </span>
     <span class='ocr_line' id='line_1_33' title="bbox 595 4278 1406 4360; baseline 0.005 -24"><span class='ocrx_word' id='word_1_203' title='bbox 595 4278 663 4338; x_wconf 89' lang='lat' dir='ltr'><strong>Jarn</strong></span> <span class='ocrx_word' id='word_1_204' title='bbox 677 4299 734 4337; x_wconf 90' lang='lat' dir='ltr'><strong>non</strong></span> <span class='ocrx_word' id='word_1_205' title='bbox 748 4299 810 4339; x_wconf 87' lang='lat' dir='ltr'><strong>esse</strong></span> <span class='ocrx_word' id='word_1_206' title='bbox 822 4299 935 4349; x_wconf 82' lang='lat' dir='ltr'><strong>manus,</strong></span> <span class='ocrx_word' id='word_1_207' title='bbox 946 4280 1008 4357; x_wconf 80' lang='lat' dir='ltr'><strong>jem</strong></span> <span class='ocrx_word' id='word_1_208' title='bbox 1021 4281 1125 4360; x_wconf 89' lang='lat' dir='ltr'><strong>pinnas</strong></span> <span class='ocrx_word' id='word_1_209' title='bbox 1138 4300 1220 4360; x_wconf 84' lang='lat' dir='ltr'><strong>posse</strong></span> <span class='ocrx_word' id='word_1_210' title='bbox 1233 4281 1337 4350; x_wconf 84' lang='lat' dir='ltr'><strong>vocari,</strong></span> <span class='ocrx_word' id='word_1_211' title='bbox 1352 4291 1406 4340; x_wconf 81' lang='lat' dir='ltr'><strong>etc</strong></span> 
     </span>
    </p>
   </div>
   <div class='ocr_carea' id='block_1_9' title="bbox 451 4429 1531 4628">
    <p class='ocr_par' dir='ltr' id='par_1_20' title="bbox 451 4429 1531 4628">
     <span class='ocr_line' id='line_1_34' title="bbox 451 4429 1529 4519; baseline 0.001 -24"><span class='ocrx_word' id='word_1_212' title='bbox 451 4449 453 4454; x_wconf 79' lang='grc'>’</span> <span class='ocrx_word' id='word_1_213' title='bbox 477 4429 547 4495; x_wconf 87' lang='lat' dir='ltr'><strong>Eas</strong></span> <span class='ocrx_word' id='word_1_214' title='bbox 570 4442 679 4516; x_wconf 82' lang='lat' dir='ltr'><strong>partes</strong></span> <span class='ocrx_word' id='word_1_215' title='bbox 701 4431 729 4496; x_wconf 86' lang='lat' dir='ltr'><strong>si</strong></span> <span class='ocrx_word' id='word_1_216' title='bbox 751 4431 928 4515; x_wconf 90' lang='lat' dir='ltr'><strong>componis,</strong></span> <span class='ocrx_word' id='word_1_217' title='bbox 947 4432 1073 4519; x_wconf 85' lang='lat' dir='ltr'><strong>integer</strong></span> <span class='ocrx_word' id='word_1_218' title='bbox 1097 4431 1165 4499; x_wconf 82' lang='lat' dir='ltr'><strong>fere</strong></span> <span class='ocrx_word' id='word_1_219' title='bbox 1186 4429 1359 4517; x_wconf 91' lang='lat' dir='ltr'><strong>delphinus</strong></span> <span class='ocrx_word' id='word_1_220' title='bbox 1379 4431 1529 4498; x_wconf 89' lang='lat' dir='ltr'><strong>efficitur.</strong></span> 
     </span>
     <span class='ocr_line' id='line_1_35' title="bbox 477 4548 1531 4628; baseline 0 -14"><span class='ocrx_word' id='word_1_221' title='bbox 477 4549 608 4628; x_wconf 86' lang='lat' dir='ltr'><strong>Similia,</strong></span> <span class='ocrx_word' id='word_1_222' title='bbox 622 4550 744 4628; x_wconf 72' lang='grc'><strong>11346,</strong></span> <span class='ocrx_word' id='word_1_223' title='bbox 759 4549 801 4614; x_wconf 93' lang='lat' dir='ltr'><strong>de</strong></span> <span class='ocrx_word' id='word_1_224' title='bbox 818 4548 1033 4616; x_wconf 80' lang='lat' dir='ltr'><strong>Phaethontis</strong></span> <span class='ocrx_word' id='word_1_225' title='bbox 1049 4552 1213 4618; x_wconf 85' lang='lat' dir='ltr'><strong>sororibus</strong></span> <span class='ocrx_word' id='word_1_226' title='bbox 1227 4551 1262 4615; x_wconf 93' lang='lat' dir='ltr'><strong>in</strong></span> <span class='ocrx_word' id='word_1_227' title='bbox 1277 4552 1410 4618; x_wconf 85' lang='lat' dir='ltr'><strong>arbores</strong></span> <span class='ocrx_word' id='word_1_228' title='bbox 1426 4562 1531 4616; x_wconf 88' lang='lat' dir='ltr'><strong>trans·</strong></span> 
     </span>
    </p>
   </div>
   <div class='ocr_carea' id='block_1_10' title="bbox 0 0 1780 5984">
    <p class='ocr_par' dir='ltr' id='par_1_21' title="bbox 0 0 1780 5984">
     <span class='ocr_line' id='line_1_36' title="bbox 0 0 1780 5984; baseline 0 6"><span class='ocrx_word' id='word_1_229' title='bbox 0 0 1780 5984; x_wconf 95' lang='lat' dir='ltr'><strong> </strong></span> 
     </span>
    </p>
   </div>
  </div>
 </body>
</html>
