3552 5984
354 797 422 862 DE
446 795 611 861 OPERE
635 793 1130 862 METAMORPHOSEON.
1206 823 1270 865 xxv

217 969 367 1035 Athenas
380 969 533 1034 redeunti
548 965 716 1034 Achelous
733 965 849 1032 fluvius
867 968 1029 1054 objicitur.
1076 967 1169 1035 Saltu
1183 969 1270 1036 facto

218 1111 247 1152 v.
264 1090 349 1166 572;
376 1087 434 1153 sed
452 1088 506 1150 vix
526 1083 602 1150 alibi
624 1085 788 1150 transitus.
827 1083 952 1150 Verum
975 1087 1077 1182 omnis
1100 1085 1170 1153 hcec
1193 1109 1270 1154 oon-

118 1267 124 1270 ..
217 1206 313 1271 nexio
327 1205 510 1271 fabularum
526 1202 644 1268 elarius
659 1203 814 1269 elucescit
833 1225 851 1268 e
873 1205 966 1282 serie,
981 1227 1079 1289 quam
1093 1205 1170 1272 huic
1185 1229 1270 1273 com-

217 1325 405 1390 mentationi
430 1324 644 1407 subjecimus:
669 1333 703 1387 et
731 1311 841 1406 operae
870 1323 1009 1406 pretium
1035 1325 1140 1389 estin
1165 1323 1271 1409 perle-

217 1443 326 1529 gendo
342 1465 442 1528 opere
456 1443 528 1528 ipso
543 1443 585 1508 ad
599 1464 670 1508 eam
685 1443 862 1507 attendere.

262 1561 351 1626 Hinc
366 1561 543 1638 videamus,
564 1583 630 1646 qua
649 1571 719 1626 arte
739 1560 866 1645 mythos
891 1561 937 1626 sio
960 1581 1060 1626 nexos
1084 1574 1182 1648 poeta
1205 1565 1270 1630 dis·

218 1681 364 1766 posuerit
386 1692 484 1766 atque
504 1682 718 1746 exornaverit.
759 1679 939 1766 Plerisque,
956 1682 1013 1767 qui
1035 1693 1202 1749 narrantes
1222 1686 1270 1748 in·

219 1800 395 1877 ducuntur,
426 1799 613 1866 tribuuntur
638 1823 713 1884 quae
744 1801 891 1884 personis
920 1821 1031 1865 eorum
1060 1803 1267 1895 conveniunt.

220 1916 373 1984 Scelestae
406 1917 554 1982 Pierides
586 1927 708 1982 canunt
739 1939 813 2002 quae
844 1917 936 1983 Deos
972 1917 1143 1997 dedecent,
1172 1922 1271 2006 impin

218 2033 372 2100 Arachne
392 2036 580 2114 eorumdem
600 2035 724 2120 flagitia
743 2036 841 2112 texit;
866 2035 1061 2120 Minyeides,
1077 2037 1193 2123 puellae
1214 2062 1270 2125 pe·

219 2153 368 2232 tulantes,
384 2155 546 2219 amoribus
566 2155 754 2220 enarrandis
771 2153 957 2240 indulgent3
981 2155 1150 2242 Orpheus,
1162 2157 1270 2224 Thro-

219 2273 309 2337 cibus
329 2295 505 2357 puerorum
525 2296 666 2344 amorem
685 2259 980 2350 commendaturus,
996 2273 1038 2338 de
1055 2276 1164 2360 pueris
1184 2279 1271 2341 canit

218 2413 238 2454 a
259 2391 333 2456 Diis
356 2390 492 2457 dilectis.
531 2390 709 2456 Varietatia
732 2414 830 2456 causa
859 2390 1003 2456 nonnulli
1030 2414 1088 2458 sua
1118 2393 1184 2458 fata
1206 2396 1268 2480 ipsi
1295 2441 1299 2448 -

220 2520 362 2588 narrant,
383 2521 420 2575 ut
437 2509 604 2575 Arethusa
624 2521 658 2576 et
676 2511 855 2588 Achelous,
874 2533 1069 2597 quamquam
1088 2513 1142 2579 hio
1165 2516 1270 2580 minus

219 2629 397 2705 commode,
411 2650 523 2714 quum,
542 2629 631 2714 quod
652 2630 682 2694 ei
703 2630 822 2716 pudori
837 2642 918 2708 erat,
935 2641 985 2697 ter
999 2632 1102 2697 victus
1122 2644 1208 2699 esset
1228 2636 1270 2700 ab

221 2745 366 2813 Hercule
388 2747 532 2812 nondum
554 2745 640 2812 Deo.
687 2747 809 2812 Cornix
829 2748 913 2813 adeo
935 2769 1032 2814 corvo
1055 2771 1120 2812 una
1140 2748 1270 2828 volanti,

218 2889 291 2952 quae
314 2889 390 2930 aves
404 2866 554 2951 quedam
573 2887 679 2950 passae
696 2877 801 2941 erant,
816 2874 928 2930 uotum
946 2865 1033 2931 facit.
1079 2866 1143 2932 Est
1161 2869 1269 2948 etiam,

219 2986 275 3051 ubi
301 2985 436 3049 Themis
466 2985 659 3048 mutationes
689 2985 814 3050 futuras
836 2984 1037 3049 vaticinatur.
1086 2984 1271 3053 Nonnullos

188 3086 192 3104 ¹
219 3103 348 3188 mythos
367 3103 479 3187 paucis
498 3113 597 3187 poeta
616 3104 813 3180 transmittit,
832 3115 868 3168 ut
886 3101 1008 3168 Bacchi
1026 3105 1166 3170 nutrices
1181 3120 1271 3175 vetu-

220 3222 277 3301 las,
295 3223 415 3308 quibus
428 3223 582 3305 juventus
602 3245 622 3285 a
644 3220 766 3286 Medea
786 3222 946 3299 redditur,
964 3233 1009 3300 et,
1027 3223 1116 3309 quod
1135 3224 1270 3303 mireris,

220 3339 502 3407 celebratissimum
517 3341 601 3405 adeo
613 3341 927 3426 Gigantomachiam.
960 3341 1139 3419 Quosdam,
1148 3342 1271 3427 quippe

211 3481 336 3545 narum
356 3455 591 3536 memorabiles,
608 3458 716 3528 ,verbo
741 3468 866 3522 tantum
892 3459 1006 3543 tangit.
1060 3457 1115 3523 Sic
1138 3439 1271 3525 una'ex

221 3575 455 3661 Minyeidihus,
474 3574 638 3651 dubitans,
654 3575 733 3660 quid
753 3597 772 3638 e
791 3573 900 3638 multis
920 3575 1120 3659 potissimum
1139 3575 1270 3655 referat,

221 3705 253 3759 et
281 3693 395 3770 altera,
430 3693 648 3779 praeteritione
682 3693 844 3760 rhetorica
873 3704 978 3772 utens,
1007 3693 1149 3780 plurium
1176 3717 1272 3780 argu·

220 3825 326 3878 menta
348 3812 534 3876 brevissime
559 3823 746 3889 recensent3
777 3833 838 3878 nec
860 3811 954 3878 aliter
979 3825 1014 3878 se
1040 3812 1174 3890 habent,
1197 3836 1271 3898 quae

222 3931 375 3998 Arachne
396 3932 488 4008 texit,
503 3941 537 3995 et
556 3954 629 4016 quae
647 3929 798 3996 Minerva
818 3953 891 3996 cunr
909 3953 949 3996 ea
968 3941 1095 3996 certans
1114 3931 1149 3995 in
1165 3941 1272 3996 extre-

221 4051 277 4116 mis
300 4051 399 4114 vestis
422 4050 569 4134 partibus
596 4049 697 4133 ponit.
737 4047 875 4114 Medea
903 4045 1048 4117 sublimis
1073 4048 1200 4136 fugiens
1228 4071 1271 4114 ex

223 4190 293 4234 aere
324 4168 464 4252 despicit
491 4166 563 4233 loca
590 4165 692 4233 multa
720 4168 1052 4233 transformationibus
1081 4179 1168 4245 noto,
1197 4191 1272 4253 quoe

224 4309 286 4351 non
306 4297 489 4363 narrantur,
505 4286 564 4351 sed
578 4295 710 4350 vtantum
726 4286 938 4370 attinguntur.
977 4284 1102 4351 Verum
1122 4286 1156 4351 in
1175 4273 1271 4371 longe

225 4405 366 4492 plurimis
386 4406 507 4492 ingenii
526 4406 636 4491 copias
651 4404 790 4471 Ovidius
808 4403 935 4482 effudit,
953 4417 987 4469 et
1003 4415 1158 4490 quantum
1173 4405 1272 4470 rebus

123 4517 127 4522 ’
224 4522 354 4601 flumine
377 4525 530 4588 orationis
552 4523 747 4588 exornandis
765 4523 885 4589 valeret
907 4523 1060 4612 ostendit,
1080 4547 1120 4588 ea
1141 4523 1273 4608 quidem

268 4647 341 4706 von.
360 4662 409 4706 ιιι.
992 4643 1014 4706 d
