3552 5984
476 766 533 839 xlii
848 808 851 816 ·
869 761 1128 830 PRAEFATIO

477 939 650 1006 innumera
665 937 737 1002 loca
753 935 996 1001 transcribenda
1015 945 1133 1013 essent,
1148 936 1175 1002 si
1196 937 1303 1002 omnia
1316 937 1444 1004 adferre
1458 936 1523 1004 vel-

476 1057 551 1138 lem,
561 1081 636 1145 quae
650 1059 711 1123 hac
722 1078 757 1122 se
768 1057 886 1125 virtute
901 1027 1136 1120 eoinmendant.
1170 1055 1217 1120 Et
1231 1057 1406 1124 innumeris
1419 1057 1522 1124 modis

476 1179 640 1266 ingenium
662 1177 845 1254 ostentavit,
862 1173 968 1254 aliter,
984 1175 1028 1241 iii.
1047 1175 1122 1254 380,
1139 1176 1174 1239 in
1193 1175 1340 1241 Narcissi
1358 1189 1392 1242 et
1404 1155 1522 1242 ⁴Echus

476 1297 655 1384 colloqui03
678 1295 781 1375 aliter,
796 1295 848 1360 vii.
865 1295 941 1372 813,
964 1295 998 1359 in
1019 1293 1157 1382 Cephali
1174 1293 1352 1376 cantilena;
1375 1293 1467 1362 aliter
1490 1297 1522 1360 in

477 1395 684 1482 conversione
706 1415 857 1500 quadam,
872 1414 892 1478 i.
910 1415 984 1478 700.
1022 1413 1122 1480 Mitto
1137 1415 1312 1481 sententias
1325 1416 1522 1502 ingeniosas,

477 1537 593 1624 qualis,
608 1537 640 1602 ii.
660 1535 828 1623 13,socies
843 1558 906 1600 noa
923 1525 1065 1600 amata
1082 1555 1157 1612 aaa,
1171 1534 1244 1600 Nec
1262 1534 1390 1600 diaerca
1408 1544 1523 1611 wana,

478 1658 601 1743 quaten
620 1657 709 1721 decet
728 1677 797 1720 eoae
813 1676 965 1722 aerosum.
1011 1651 1067 1716 Ad
1082 1675 1122 1718 ea
1135 1664 1379 1738 praevertamur,
1390 1675 1464 1740 quae
1478 1653 1524 1718 vi·

477 1777 559 1840 tiose
574 1775 607 1839 in
621 1774 684 1840 hoc
698 1795 818 1861 genere
833 1775 875 1839 ab
890 1796 930 1839 eo
945 1761 1066 1858 scripta
1076 1785 1162 1838 sunt.

521 1895 650 1979 Nempe
661 1894 804 1960 lauriat
817 1903 851 1960 et
865 1891 989 1958 lascivit
999 1894 1071 1979 ejus
1080 1893 1239 1980 ingenim
1249 1910 1315 1958 non
1329 1912 1415 1970 raro,
1423 1913 1523 1978 quum

477 2035 538 2080 nec
560 2015 691 2079 modum
710 2014 743 2078 in
762 2015 860 2079 rebus
882 1993 1077 2078 exornandis
1097 2021 1218 2088 teneat,
1233 2031 1293 2076 nec
1310 2009 1388 2096 quid
1409 2011 1525 2075 deceat

477 2145 586 2212 curet3
609 2157 705 2222 quam
727 2113 888 2199 luxuriem
903 2134 971 2218 jan
989 2131 1126 2210 Seneca,
1138 2129 1292 2196 Controv.
1306 2129 1415 2196 xxviii.
1432 2130 1466 2194 in
1484 2151 1524 2194 eo

477 2253 655 2337 vituperat:
678 2273 743 2316 non
763 2251 867 2315 minus
893 2250 977 2316 enirn
998 2273 1146 2338 magnam
1164 2251 1316 2316 virtutem
1338 2271 1420 2326 esse,
1442 2248 1524 2314 scire

477 2371 639 2449 desinere,
651 2393 749 2456 quam
768 2367 849 2436 scir'e
869 2370 989 2436 dicere.
1035 2371 1119 2455 Ejus
1138 2380 1247 2437 autem
1258 2370 1327 2466 vitii
1341 2367 1525 2456 exemplum

477 2499 633 2556 memorat
652 2499 749 2574 atque
771 2489 916 2574 exagitat
941 2487 1023 2556 altar
1042 2488 1179 2566 Seneca,
1201 2486 1247 2555 N.
1264 2487 1310 2562 Q.
1324 2486 1369 2552 iii.
1383 2487 1427 2554 27
1437 2512 1446 2565 ;
1467 2485 1525 2553 ubi

477 2617 596 2685 monet,
612 2606 766 2674 Ovidium
785 2607 819 2672 in
837 2605 959 2674 diluvio
976 2605 1201 2676 Deucalioneo
1223 2628 1285 2692 pro
1303 2604 1526 2691 mogundina

478 2725 526 2790 rei
540 2725 672 2802 dixisse,
691 2725 806 2790 Omaa'a
819 2735 940 2812 pontus
959 2735 1062 2803 aaut,
1077 2726 1135 2790 sed
1149 2747 1224 2790 mox
1238 2747 1312 2790 eum
1327 2725 1368 2790 ad
1384 2721 1525 2814 pueriles

477 2843 614 2930 ineptias
629 2842 782 2922 delatum,
793 2843 866 2909 Nat
879 2844 972 2930 lapus
982 2843 1064 2909 iatcr
1078 2867 1163 2921 ones,
1177 2853 1259 2910 etc:
1274 2865 1340 2908 non
1354 2843 1438 2944 enim
1453 2863 1523 2908 esse

446 2959 448 2965 ’
478 2984 547 3028 rem
561 2962 637 3028 satis
651 2962 801 3041 sobriam,
815 2961 960 3062 lascivire
975 2961 1130 3028 devorato
1144 2961 1224 3028 orbe
1238 2971 1414 3038 terrarum
1437 2983 1525 3047 mag-

478 3079 574 3146 nifice
588 3081 710 3146 dictrrnr
725 3101 794 3146 esse
812 3078 893 3146 hoc:
908 3079 1112 3165 Exspatiata
1125 3087 1219 3142 marat
1226 3101 1292 3166 per
1305 3083 1446 3166 apertos,
1462 3089 1523 3144 etc.

479 3199 576 3264 modo
594 3221 659 3264 non
679 3208 833 3277 curasset,
849 3198 929 3284 quid
945 3221 1020 3264 oves
1041 3207 1075 3263 et
1088 3197 1158 3284 lupi
1173 3197 1328 3264 fecerint:
1352 3199 1456 3262 natari
1470 3221 1527 3264 au·

480 3329 545 3383 tem
568 3319 602 3382 in
628 3315 749 3382 diluvio
773 3339 839 3384 non
867 3316 1023 3404 potuisse,
1049 3316 1108 3382 sed
1132 3317 1247 3384 eodem
1272 3317 1397 3402 impetu
1425 3339 1525 3404 pecus

479 3457 585 3514 omne,
600 3458 666 3522 quo
679 3447 808 3521 raptum
822 3434 931 3513 fuerit,
946 3459 1086 3502 mersum
1099 3459 1181 3502 esse.
1220 3435 1324 3502 Simili
1339 3437 1428 3516 vitio,
1444 3459 1527 3522 prae-

480 3565 530 3620 ter
544 3554 633 3634 alias,
648 3552 774 3620 laborat
786 3554 933 3620 Narcissi
947 3554 1070 3621 fabula.
1107 3553 1156 3620 Ut
1170 3554 1326 3636 Narcissq
1341 3578 1400 3620 sua
1414 3554 1525 3632 facias,

480 3672 524 3738 sic
540 3673 660 3738 Ovidio
680 3673 750 3760 ejus
770 3673 894 3738 insania
913 3670 1072 3757 placuisse
1087 3672 1223 3738 videtur.
1269 3671 1344 3740 Nec
1366 3675 1399 3738 in
1419 3674 1526 3740 incen-

480 3789 535 3854 no
558 3790 668 3855 muna
690 3812 741 3855 res
760 3788 868 3856 anna
891 3800 962 3854 era
986 3790 1018 3854 a
1036 3789 1098 3868 aar
1115 3791 1231 3874 jaan,
1258 3763 1404 3858 samaa
1426 3793 1528 3856 aaa

481 3907 684 3985 Praebebam,
699 3907 878 3996 aliquisque
889 3907 975 3972 *maa
982 3907 1056 3993 fait
1073 3930 1148 3974 usas
1162 3909 1195 3974 in
1209 3909 1284 4006 illm·
1306 3921 1363 3978 aut
1378 3910 1529 4006 minutias

482 4045 595 4090 curare
609 4047 676 4090 rer.
692 4027 753 4090 211
774 4048 845 4111 sqq.
850 4026 1001 4112 fissaque
1019 3999 1140 4110 (tellus)
1160 4027 1234 4114 ogit
1252 4028 1362 4104 amaa,
1374 4037 1407 4092 et
1426 4029 1531 4094 accde

481 4153 553 4209 aret
563 4145 707 4210 ademtis.
741 4145 870 4210 Patala
884 4153 1072 4220 canescant·
1087 4166 1154 4211 ver.
1170 4147 1236 4212 252
1250 4167 1321 4231 sqq.
1338 4144 1530 4232 qaael'lllceo·

479 4265 552 4329 aias
571 4264 768 4330 celebrdraat
786 4265 925 4332 amna
945 4265 1048 4352 ἣρω,
1068 4265 1241 4333 Flramiacoe
1263 4265 1406 4330 mlieres
1427 4265 1530 4330 medio

480 4383 606 4446 caluere
624 4381 772 4470 Caystro.
818 4382 902 4456 Quis
916 4383 1001 4450 ειιίιιι
1019 4384 1054 4448 ἱιι
1068 4393 1133 4450 tarn
1151 4384 1242 4472 gravi
1257 4381 1438 4450 calamitate
1453 4405 1530 4470 cyg-

481 4521 596 4565 norum
616 4499 755 4566 calorem
777 4504 890 4566 curet?
935 4501 1004 4568 Sed
1026 4513 1060 4568 et
1081 4527 1148 4570 ver.
1174 4505 1239 4570 265
1265 4527 1335 4592 sqq.
1362 4503 1531 4590 denam

481 4618 574 4683 nobis
607 4618 747 4683 ostendit
780 4616 956 4687 latitantes.
1004 4618 1077 4686 Nec
1105 4621 1139 4686 in
1168 4621 1269 4711 pestis
1299 4621 1531 4708 descriptione,
