3552 5984
435 775 503 816 xxx
831 739 1092 808 PRAEFATlO

438 921 501 988 His
516 923 614 1008 igitur
627 931 661 986 et
675 917 794 984 talibus
808 916 972 1001 ingenium
990 915 1067 980 sutis
1084 915 1266 984 ostentavit.
1312 916 1427 1002 Lym
1441 929 1489 984 ta.

437 1063 521 1118 men,
533 1041 565 1105 in
580 1061 676 1125 quam
683 1039 815 1124 Lyncus
829 1046 984 1112 mutatus,
997 1055 1062 1098 non
1073 1033 1262 1118 descripsit;
1277 1055 1385 1120 neque
1396 1037 1488 1114 dria,

437 1161 530 1244 cujus
545 1157 679 1222 formam
695 1154 803 1240 Scylla
822 1153 994 1230 adsumsit3
1018 1173 1203 1236 quanquam
1220 1150 1274 1216 illa
1294 1153 1363 1218 fera
1381 1176 1490 1220 macu-

437 1277 487 1354 lis,
503 1277 575 1342 haec
590 1275 657 1339 avis
671 1271 913 1359 pulchritudine
928 1270 1079 1354 insignis:
1097 1291 1248 1336 necares
1263 1272 1341 1336 satis
1356 1274 1489 1349 notavit,

425 1408 575 1483 ‚quarum
588 1393 727 1480 figuram
742 1392 859 1457 Letoia
874 1390 1215 1475 Meleagrisororibus
1230 1389 1332 1456 dedit.

482 1512 608 1579 Verum
622 1510 917 1576 transformationes
928 1509 1020 1592 ipsae,
1031 1507 1108 1573 licet
1122 1509 1198 1573 inde
1213 1531 1342 1574 carmen
1356 1511 1491 1596 inscrip-

440 1645 508 1698 tum
531 1633 583 1708 sit,
598 1631 760 1694 minimam
782 1629 853 1713 ejus
876 1638 1003 1712 partem
1025 1626 1236 1692 constituunt.
1282 1627 1330 1692 Ut
1350 1627 1492 1714 amplum

440 1749 587 1837 prodiret
606 1770 700 1832 opus,
715 1758 781 1810 tam
795 1767 836 1809 ea
851 1755 949 1830 poeta
968 1745 1100 1828 copiose
1120 1757 1311 1829 persecutus
1327 1759 1388 1824 cst,
1404 1747 1491 1812 unde

440 1865 715 1952 metamorphosea
736 1863 893 1950 pendent,
918 1885 1014 1948 quam
1038 1863 1100 1928 alia
1123 1864 1293 1930 admiscuit
1315 1888 1336 1929 a
1358 1863 1492 1930 consilio
1598 1897 1601 1902 ·

440 2008 506 2052 non
520 1984 635 2050 aliena.
681 1981 896 2048 Phaethontis
912 1981 979 2046 fata
993 1980 1114 2046 nullam
1128 1981 1251 2048 habent
1265 1984 1376 2050 formas
1390 1995 1492 2050 muta·

441 2105 577 2182 tionem3
601 2104 639 2168 iis
659 2113 766 2168 tamen
785 2124 934 2188 magnam
953 2100 1028 2166 libri
1047 2103 1182 2168 secundi
1197 2113 1323 2187 partem
1336 2102 1491 2188 implevit,

441 2234 479 2288 ut
497 2244 556 2307 per
573 2243 613 2286 ea
631 2221 673 2284 ad
694 2242 820 2285 sorores
840 2222 1001 2298 transiret,
1017 2223 1051 2286 in
1066 2223 1210 2298 arbores,
1226 2223 1304 2288 dum
1319 2222 1426 2288 fratris
1442 2245 1493 2288 ea-

442 2363 513 2406 sum
537 2338 661 2426 lugent,
676 2361 795 2404 versas.
841 2339 984 2405 Mutatio
1011 2362 1157 2404 sororum
1181 2339 1342 2427 Meleagri
1365 2341 1493 2407 duobus

443 2458 588 2524 versibus
605 2455 799 2535 absolvitur;
823 2458 882 2521 sed
902 2459 945 2523 ad
966 2481 1037 2524 eam
1060 2458 1247 2545 longissima
1265 2459 1321 2524 illa
1342 2462 1413 2538 ῥήσει
1427 2460 1493 2524 viii.

443 2575 596 2652 260-548,
612 2573 811 2660 pervenitur,
826 2596 901 2658 quoe
920 2576 1038 2662 totuin
1052 2577 1124 2660 apri
1140 2576 1310 2662 calydonii
1324 2581 1494 2645 venatione

444 2704 477 2759 et
494 2694 527 2758 in
542 2691 631 2758 lucta
645 2691 798 2768 Althaeae,
813 2691 881 2757 filio
895 2715 1008 2758 necem
1023 2695 1180 2779 parantis,
1195 2708 1351 2761 versatur.
1397 2697 1495 2762 AEso-

444 2833 529 2887 nem,
550 2809 680 2875 Jasonis
703 2821 840 2895 patrem,
858 2810 1012 2894 juvenem
1034 2809 1156 2876 Medea
1176 2812 1374 2880 reddiderat.
1420 2814 1496 2880 Hoc

444 2940 633 2995 narratruus
654 2928 793 2994 Ovidius
808 2929 862 2993 vii.
882 2929 1031 3006 159-293‚
1049 2931 1084 2993 in
1103 2940 1204 2994 totam
1221 2942 1321 2996 artem
1340 2933 1497 3018 magicam

445 3049 599 3115 excurrit.
645 3047 787 3124 Pestem,
809 3069 883 3132 quoe
898 3045 1055 3131 AEginam
1076 3046 1213 3112 insulam
1236 3048 1432 3117 exhauserat
1450 3052 1498 3116 in-

447 3167 537 3245 colis,
553 3167 740 3254 Minoisque
761 3190 834 3232 cum
849 3166 1109 3232 Atheniensibus
1124 3165 1246 3232 bellum
1260 3168 1353 3233 nobis
1368 3169 1421 3234 vii.
1434 3170 1500 3234 472

447 3310 517 3373 sqq.
533 3286 654 3364 retulit,
674 3277 712 3352 ut
735 3287 978 3372 Myrmidonum
998 3310 1016 3352 e
1041 3285 1182 3352 formicis
1205 3287 1362 3372 originem
1380 3289 1498 3373 prode-

446 3416 507 3470 ret.
546 3404 656 3470 Lacus
671 3405 723 3470 vii.
745 3407 852 3482 1-158,
867 3405 969 3471 habet
983 3405 1114 3490 quidem
1129 3405 1339 3470 mutationem
1353 3405 1499 3470 dentium
1514 3377 1519 3395 .

448 3535 590 3590 satorum
613 3523 646 3586 in
663 3523 760 3599 iiros,
777 3522 835 3587 sed
857 3522 969 3606 paucis
985 3521 1131 3586 versibus
1152 3523 1351 3606 expositam,
1375 3523 1499 3609 reliqua

447 3643 482 3706 in
501 3641 623 3708 Minois
639 3640 742 3706 forma
760 3651 794 3704 et
816 3641 850 3704 in
865 3661 983 3705 vesano
999 3638 1130 3704 Medeae
1145 3662 1253 3706 amore
1272 3641 1416 3706 notando
1429 3665 1501 3707 ver-

449 3771 570 3825 santur.
616 3759 671 3824 Sic
690 3749 954 3825 numerosissima
968 3771 1075 3844 poetae
1094 3761 1220 3826 occasio
1240 3761 1439 3827 offerebatur
1453 3764 1501 3827 in-

448 3899 582 3941 numera
601 3877 810 3954 admiscendi,
830 3900 905 3963 quae
927 3878 1101 3962 antiquitas
1124 3877 1209 3956 tulit,
1226 3902 1300 3964 quae
1320 3902 1428 3946 rerum
1445 3903 1502 3944 na-

442 4005 523 4061 tura
544 3993 656 4072 habet,
685 4017 760 4081 quae
788 3996 926 4061 hominis
956 3997 1098 4063 indolem
1128 3998 1311 4084 attingunt;
1338 4022 1442 4084 eaque
1468 4013 1502 4064 et

450 4112 569 4198 cupide
594 4124 628 4178 et
649 4093 815 4198 ingeniose
837 4138 927 4194 usus,
954 4117 1073 4202 insigni
1096 4139 1204 4182 rerum
1226 4119 1382 4183 varietate
1404 4115 1501 4204 atque

450 4231 545 4314 copia
561 4252 644 4314 opus
664 4221 757 4295 suum
772 4235 911 4316 posteris
932 4236 1177 4301 commendavit.
1223 4237 1315 4302 Deos
1334 4239 1419 4302 enim
1434 4237 1503 4323 ple-

450 4372 568 4435 rosque
587 4371 661 4414 cum
679 4353 844 4418 attributis
860 4356 927 4418 suis
941 4355 996 4421 hic
1010 4356 1191 4442 descriptos
1206 4347 1397 4441 reperimras,
1412 4356 1503 4421 Jovis

450 4469 660 4552 majestatem,
676 4467 820 4546 fulmina,
836 4471 1009 4562 imperium
1024 4473 1057 4538 in
1068 4473 1235 4551 mundum,
1251 4475 1349 4551 furta,
1364 4474 1387 4538 J
1389 4474 1504 4538 unonis

450 4585 653 4672 zelotypiam,
666 4586 829 4672 Apollinis
844 4601 929 4655 artes
942 4603 976 4656 et
987 4614 1124 4669 amores,
1137 4588 1266 4658 Cereris
1277 4593 1402 4670 merita,
1415 4591 1505 4657 Mer-
