<?xml version="1.0" encoding="UTF-8"?>
<!DOCTYPE html PUBLIC "-//W3C//DTD XHTML 1.0 Transitional//EN"
    "http://www.w3.org/TR/xhtml1/DTD/xhtml1-transitional.dtd">
<html xmlns="http://www.w3.org/1999/xhtml" xml:lang="en" lang="en">
 <head>
  <title>
</title>
<meta http-equiv="Content-Type" content="text/html;charset=utf-8" />
  <meta name='ocr-system' content='tesseract 3.04.00' />
  <meta name='ocr-capabilities' content='ocr_page ocr_carea ocr_par ocr_line ocrx_word'/>
</head>
<body>
  <div class='ocr_page' id='page_1' title='image "./opera01giergoog_0246.png"; bbox 0 0 3494 6002; ppageno 0'>
   <div class='ocr_carea' id='block_1_1' title="bbox 435 782 1191 855">
    <p class='ocr_par' dir='ltr' id='par_1_1' title="bbox 435 782 1191 855">
     <span class='ocr_line' id='line_1_1' title="bbox 435 782 1191 855; baseline -0.004 0"><span class='ocrx_word' id='word_1_1' title='bbox 435 789 502 855; x_wconf 74' lang='lat' dir='ltr'>ute</span> <span class='ocrx_word' id='word_1_2' title='bbox 729 785 768 852; x_wconf 90' lang='lat' dir='ltr'>P.</span> <span class='ocrx_word' id='word_1_3' title='bbox 792 783 954 851; x_wconf 91' lang='lat' dir='ltr'>OVlDlI</span> <span class='ocrx_word' id='word_1_4' title='bbox 979 782 1191 852; x_wconf 82' lang='lat' dir='ltr'>NASONIS</span> 
     </span>
    </p>
   </div>
   <div class='ocr_carea' id='block_1_2' title="bbox 436 959 1527 2695">
    <p class='ocr_par' dir='ltr' id='par_1_2' title="bbox 437 959 1468 1412">
     <span class='ocr_line' id='line_1_2' title="bbox 439 959 1468 1062; baseline -0.007 -23"><span class='ocrx_word' id='word_1_5' title='bbox 439 975 462 1005; x_wconf 90' lang='lat'><strong>“</strong></span> <span class='ocrx_word' id='word_1_6' title='bbox 482 961 644 1062; x_wconf 86' lang='lat' dir='ltr'>Hujus,”</span> <span class='ocrx_word' id='word_1_7' title='bbox 660 962 723 1050; x_wconf 84' lang='lat' dir='ltr'>ait,</span> <span class='ocrx_word' id='word_1_8' title='bbox 744 971 768 1001; x_wconf 89' lang='grc'>“</span> <span class='ocrx_word' id='word_1_9' title='bbox 782 963 932 1058; x_wconf 73' lang='lat' dir='ltr'>lingum,</span> <span class='ocrx_word' id='word_1_10' title='bbox 947 984 1024 1058; x_wconf 87' lang='lat' dir='ltr'>qua</span> <span class='ocrx_word' id='word_1_11' title='bbox 1041 983 1126 1034; x_wconf 89' lang='lat' dir='ltr'>sum</span> <span class='ocrx_word' id='word_1_12' title='bbox 1140 959 1284 1046; x_wconf 88' lang='lat' dir='ltr'>delusa,</span> <span class='ocrx_word' id='word_1_13' title='bbox 1300 968 1468 1059; x_wconf 85' lang='lat' dir='ltr'>potestas</span> 
     </span>
     <span class='ocr_line' id='line_1_3' title="bbox 438 1075 1430 1176; baseline -0.006 -20"><span class='ocrx_word' id='word_1_14' title='bbox 438 1082 561 1156; x_wconf 85' lang='lat' dir='ltr'>Parva</span> <span class='ocrx_word' id='word_1_15' title='bbox 577 1080 646 1154; x_wconf 91' lang='lat' dir='ltr'>tibi</span> <span class='ocrx_word' id='word_1_16' title='bbox 663 1078 826 1167; x_wconf 84' lang='lat' dir='ltr'>dabitur,</span> <span class='ocrx_word' id='word_1_17' title='bbox 845 1078 1025 1176; x_wconf 88' lang='lat' dir='ltr'>vocisque</span> <span class='ocrx_word' id='word_1_18' title='bbox 1044 1077 1285 1151; x_wconf 85' lang='lat' dir='ltr'>brevissimus</span> <span class='ocrx_word' id='word_1_19' title='bbox 1302 1075 1430 1150; x_wconf 84' lang='lat' dir='ltr'>usus.”</span> 
     </span>
     <span class='ocr_line' id='line_1_4' title="bbox 438 1192 1468 1296; baseline -0.01 -22"><span class='ocrx_word' id='word_1_20' title='bbox 438 1201 575 1296; x_wconf 86' lang='lat' dir='ltr'><strong>Reque</strong></span> <span class='ocrx_word' id='word_1_21' title='bbox 593 1197 713 1272; x_wconf 88' lang='lat' dir='ltr'>minas</span> <span class='ocrx_word' id='word_1_22' title='bbox 730 1196 874 1270; x_wconf 88' lang='lat' dir='ltr'>firmat:</span> <span class='ocrx_word' id='word_1_23' title='bbox 893 1206 1021 1270; x_wconf 87' lang='lat' dir='ltr'>tamen</span> <span class='ocrx_word' id='word_1_24' title='bbox 1039 1195 1121 1268; x_wconf 79' lang='lat' dir='ltr'>haec</span> <span class='ocrx_word' id='word_1_25' title='bbox 1139 1195 1178 1268; x_wconf 93' lang='lat' dir='ltr'>in</span> <span class='ocrx_word' id='word_1_26' title='bbox 1195 1194 1270 1268; x_wconf 87' lang='lat' dir='ltr'>fine</span> <span class='ocrx_word' id='word_1_27' title='bbox 1288 1192 1468 1291; x_wconf 86' lang='lat' dir='ltr'>loquendi</span> 
     </span>
     <span class='ocr_line' id='line_1_5' title="bbox 437 1311 1338 1412; baseline -0.007 -22"><span class='ocrx_word' id='word_1_28' title='bbox 437 1315 652 1412; x_wconf 86' lang='lat' dir='ltr'>Ingeminat</span> <span class='ocrx_word' id='word_1_29' title='bbox 663 1337 788 1401; x_wconf 89' lang='lat' dir='ltr'>voces,</span> <span class='ocrx_word' id='word_1_30' title='bbox 800 1311 1011 1412; x_wconf 82' lang='lat' dir='ltr'>¹auditaque</span> <span class='ocrx_word' id='word_1_31' title='bbox 1028 1313 1143 1387; x_wconf 87' lang='lat' dir='ltr'>verba</span> <span class='ocrx_word' id='word_1_32' title='bbox 1159 1319 1338 1410; x_wconf 82' lang='lat' dir='ltr'><strong>reportat.</strong></span> 
     </span>
    </p>

    <p class='ocr_par' dir='ltr' id='par_1_3' title="bbox 436 1429 1481 1994">
     <span class='ocr_line' id='line_1_6' title="bbox 488 1429 1481 1530; baseline -0.008 -24"><span class='ocrx_word' id='word_1_33' title='bbox 488 1432 588 1530; x_wconf 87' lang='lat' dir='ltr'>Ergo</span> <span class='ocrx_word' id='word_1_34' title='bbox 604 1431 668 1504; x_wconf 94' lang='lat' dir='ltr'>ubi</span> <span class='ocrx_word' id='word_1_35' title='bbox 684 1430 917 1518; x_wconf 86' lang='lat' dir='ltr'><strong>Narcissum,</strong></span> <span class='ocrx_word' id='word_1_36' title='bbox 929 1454 997 1530; x_wconf 94' lang='lat' dir='ltr'>per</span> <span class='ocrx_word' id='word_1_37' title='bbox 1011 1429 1121 1504; x_wconf 89' lang='lat' dir='ltr'>devia</span> <span class='ocrx_word' id='word_1_38' title='bbox 1138 1430 1258 1503; x_wconf 86' lang='lat' dir='ltr'>lustra</span> <span class='ocrx_word' id='word_1_39' title='bbox 1270 1436 1481 1525; x_wconf 86' lang='lat' dir='ltr'>vagantem,</span> 
     </span>
     <span class='ocr_line' id='line_1_7' title="bbox 436 1544 1478 1645; baseline -0.007 -23"><span class='ocrx_word' id='word_1_40' title='bbox 436 1549 554 1634; x_wconf 89' lang='lat' dir='ltr'>Vidit,</span> <span class='ocrx_word' id='word_1_41' title='bbox 573 1558 613 1622; x_wconf 92' lang='lat' dir='ltr'>et</span> <span class='ocrx_word' id='word_1_42' title='bbox 630 1547 796 1633; x_wconf 91' lang='lat' dir='ltr'>incaluit,</span> <span class='ocrx_word' id='word_1_43' title='bbox 814 1547 985 1645; x_wconf 89' lang='lat' dir='ltr'>sequitur</span> <span class='ocrx_word' id='word_1_44' title='bbox 1001 1546 1159 1642; x_wconf 84' lang='lat' dir='ltr'>vestigia</span> <span class='ocrx_word' id='word_1_45' title='bbox 1176 1544 1324 1618; x_wconf 91' lang='lat' dir='ltr'>furtim:</span> <span class='ocrx_word' id='word_1_46' title='bbox 1408 1547 1478 1616; x_wconf 88' lang='grc'>371</span> 
     </span>
     <span class='ocr_line' id='line_1_8' title="bbox 437 1660 1480 1761; baseline -0.005 -24"><span class='ocrx_word' id='word_1_47' title='bbox 437 1663 600 1761; x_wconf 86' lang='lat' dir='ltr'>Quoque</span> <span class='ocrx_word' id='word_1_48' title='bbox 618 1663 738 1758; x_wconf 84' lang='lat' dir='ltr'>magis</span> <span class='ocrx_word' id='word_1_49' title='bbox 756 1661 938 1760; x_wconf 86' lang='lat' dir='ltr'>sequitur,</span> <span class='ocrx_word' id='word_1_50' title='bbox 950 1662 1102 1736; x_wconf 87' lang='lat' dir='ltr'>flamma</span> <span class='ocrx_word' id='word_1_51' title='bbox 1118 1661 1291 1760; x_wconf 88' lang='lat' dir='ltr'>propiore</span> <span class='ocrx_word' id='word_1_52' title='bbox 1306 1660 1480 1746; x_wconf 78' lang='lat' dir='ltr'>calescit3</span> 
     </span>
     <span class='ocr_line' id='line_1_9' title="bbox 439 1775 1456 1877; baseline -0.006 -23"><span class='ocrx_word' id='word_1_53' title='bbox 439 1779 527 1854; x_wconf 90' lang='lat' dir='ltr'>Non</span> <span class='ocrx_word' id='word_1_54' title='bbox 546 1779 666 1866; x_wconf 88' lang='lat' dir='ltr'>aliter,</span> <span class='ocrx_word' id='word_1_55' title='bbox 681 1803 796 1877; x_wconf 86' lang='lat' dir='ltr'>quam</span> <span class='ocrx_word' id='word_1_56' title='bbox 809 1800 928 1876; x_wconf 93' lang='lat' dir='ltr'>quum</span> <span class='ocrx_word' id='word_1_57' title='bbox 946 1779 1102 1852; x_wconf 85' lang='lat' dir='ltr'>summis</span> <span class='ocrx_word' id='word_1_58' title='bbox 1120 1777 1330 1856; x_wconf 87' lang='lat' dir='ltr'>circumlita</span> <span class='ocrx_word' id='word_1_59' title='bbox 1347 1775 1456 1850; x_wconf 77' lang='lat' dir='ltr'>taedis</span> 
     </span>
     <span class='ocr_line' id='line_1_10' title="bbox 437 1895 1418 1994; baseline -0.002 -24"><span class='ocrx_word' id='word_1_60' title='bbox 437 1897 641 1971; x_wconf 81' lang='lat' dir='ltr'>Admotum</span> <span class='ocrx_word' id='word_1_61' title='bbox 659 1896 811 1994; x_wconf 87' lang='lat' dir='ltr'>rapiunt</span> <span class='ocrx_word' id='word_1_62' title='bbox 827 1895 970 1969; x_wconf 84' lang='lat' dir='ltr'>vivacia</span> <span class='ocrx_word' id='word_1_63' title='bbox 987 1895 1167 1993; x_wconf 87' lang='lat' dir='ltr'>sulphura</span> <span class='ocrx_word' id='word_1_64' title='bbox 1183 1895 1385 1968; x_wconf 85' lang='lat' dir='ltr'>flammam.</span> <span class='ocrx_word' id='word_1_65' title='bbox 1413 1905 1418 1916; x_wconf 91' lang='lat'>&#39;</span> 
     </span>
    </p>

    <p class='ocr_par' dir='ltr' id='par_1_4' title="bbox 438 2012 1527 2695">
     <span class='ocr_line' id='line_1_11' title="bbox 438 2012 1480 2112; baseline -0.006 -24"><span class='ocrx_word' id='word_1_66' title='bbox 438 2015 473 2088; x_wconf 95' lang='grc'>0</span> <span class='ocrx_word' id='word_1_67' title='bbox 493 2015 641 2112; x_wconf 87' lang='lat' dir='ltr'>quoties</span> <span class='ocrx_word' id='word_1_68' title='bbox 658 2013 776 2087; x_wconf 91' lang='lat' dir='ltr'>voluit</span> <span class='ocrx_word' id='word_1_69' title='bbox 792 2013 940 2087; x_wconf 84' lang='lat' dir='ltr'>blandis</span> <span class='ocrx_word' id='word_1_70' title='bbox 958 2013 1140 2088; x_wconf 86' lang='lat' dir='ltr'>accedere</span> <span class='ocrx_word' id='word_1_71' title='bbox 1158 2012 1284 2100; x_wconf 88' lang='lat' dir='ltr'>dictis,</span> <span class='ocrx_word' id='word_1_72' title='bbox 1407 2013 1480 2083; x_wconf 86' lang='lat'>375</span> 
     </span>
     <span class='ocr_line' id='line_1_12' title="bbox 439 2127 1392 2230; baseline -0.004 -26"><span class='ocrx_word' id='word_1_73' title='bbox 439 2130 491 2204; x_wconf 92' lang='lat' dir='ltr'>Et</span> <span class='ocrx_word' id='word_1_74' title='bbox 506 2131 638 2205; x_wconf 87' lang='lat' dir='ltr'>molles</span> <span class='ocrx_word' id='word_1_75' title='bbox 656 2129 836 2206; x_wconf 89' lang='lat' dir='ltr'>adhibere</span> <span class='ocrx_word' id='word_1_76' title='bbox 852 2131 1006 2230; x_wconf 85' lang='lat' dir='ltr'>preces!</span> <span class='ocrx_word' id='word_1_77' title='bbox 1035 2140 1170 2204; x_wconf 85' lang='lat' dir='ltr'>natura</span> <span class='ocrx_word' id='word_1_78' title='bbox 1185 2127 1392 2228; x_wconf 84' lang='lat' dir='ltr'>repugnat;</span> 
     </span>
     <span class='ocr_line' id='line_1_13' title="bbox 440 2244 1527 2347; baseline -0.006 -25"><span class='ocrx_word' id='word_1_79' title='bbox 440 2247 475 2322; x_wconf 93' lang='lat' dir='ltr'><strong>N</strong></span> <span class='ocrx_word' id='word_1_80' title='bbox 479 2273 523 2322; x_wconf 92' lang='lat' dir='ltr'>ec</span> <span class='ocrx_word' id='word_1_81' title='bbox 538 2248 627 2321; x_wconf 90' lang='lat' dir='ltr'>sinit</span> <span class='ocrx_word' id='word_1_82' title='bbox 644 2247 819 2347; x_wconf 86' lang='lat' dir='ltr'>incipiat:</span> <span class='ocrx_word' id='word_1_83' title='bbox 840 2249 922 2335; x_wconf 84' lang='lat' dir='ltr'>sed,</span> <span class='ocrx_word' id='word_1_84' title='bbox 935 2247 1039 2346; x_wconf 93' lang='lat' dir='ltr'>quod</span> <span class='ocrx_word' id='word_1_85' title='bbox 1053 2246 1154 2333; x_wconf 90' lang='lat' dir='ltr'>sinit,</span> <span class='ocrx_word' id='word_1_86' title='bbox 1169 2244 1234 2319; x_wconf 87' lang='lat' dir='ltr'>illa</span> <span class='ocrx_word' id='word_1_87' title='bbox 1250 2254 1383 2345; x_wconf 85' lang='lat' dir='ltr'>parata</span> <span class='ocrx_word' id='word_1_88' title='bbox 1398 2251 1456 2316; x_wconf 90' lang='lat' dir='ltr'>est</span> <span class='ocrx_word' id='word_1_89' title='bbox 1520 2327 1527 2340; x_wconf 45' lang='grc'><strong>,</strong></span> 
     </span>
     <span class='ocr_line' id='line_1_14' title="bbox 439 2362 1388 2464; baseline -0.005 -26"><span class='ocrx_word' id='word_1_90' title='bbox 439 2363 653 2463; x_wconf 84' lang='lat' dir='ltr'>Expectare</span> <span class='ocrx_word' id='word_1_91' title='bbox 668 2387 792 2453; x_wconf 75' lang='lat' dir='ltr'>sonoS,</span> <span class='ocrx_word' id='word_1_92' title='bbox 812 2365 860 2439; x_wconf 88' lang='lat' dir='ltr'>ad</span> <span class='ocrx_word' id='word_1_93' title='bbox 878 2389 975 2464; x_wconf 89' lang='lat' dir='ltr'>quos</span> <span class='ocrx_word' id='word_1_94' title='bbox 994 2389 1062 2438; x_wconf 87' lang='lat' dir='ltr'>sua</span> <span class='ocrx_word' id='word_1_95' title='bbox 1077 2364 1192 2438; x_wconf 89' lang='lat' dir='ltr'>verba</span> <span class='ocrx_word' id='word_1_96' title='bbox 1208 2362 1388 2436; x_wconf 86' lang='lat' dir='ltr'>remittat.</span> 
     </span>
     <span class='ocr_line' id='line_1_15' title="bbox 440 2477 1479 2578; baseline -0.006 -24"><span class='ocrx_word' id='word_1_97' title='bbox 440 2481 552 2556; x_wconf 85' lang='lat' dir='ltr'>Forte</span> <span class='ocrx_word' id='word_1_98' title='bbox 566 2504 660 2578; x_wconf 89' lang='lat' dir='ltr'>puer</span> <span class='ocrx_word' id='word_1_99' title='bbox 673 2480 855 2554; x_wconf 88' lang='lat' dir='ltr'>comitum</span> <span class='ocrx_word' id='word_1_100' title='bbox 870 2482 1049 2555; x_wconf 85' lang='lat' dir='ltr'>seductus</span> <span class='ocrx_word' id='word_1_101' title='bbox 1065 2480 1112 2553; x_wconf 89' lang='lat' dir='ltr'>ab</span> <span class='ocrx_word' id='word_1_102' title='bbox 1126 2477 1276 2576; x_wconf 86' lang='lat' dir='ltr'>agmine</span> <span class='ocrx_word' id='word_1_103' title='bbox 1290 2477 1377 2563; x_wconf 87' lang='lat' dir='ltr'>fido,</span> <span class='ocrx_word' id='word_1_104' title='bbox 1403 2477 1479 2548; x_wconf 88' lang='grc'>379</span> 
     </span>
     <span class='ocr_line' id='line_1_16' title="bbox 441 2591 1478 2695; baseline -0.007 -25"><span class='ocrx_word' id='word_1_105' title='bbox 441 2596 612 2684; x_wconf 87' lang='lat' dir='ltr'>Dixerat,</span> <span class='ocrx_word' id='word_1_106' title='bbox 624 2597 756 2695; x_wconf 87' lang='lat' dir='ltr'>ecquis</span> <span class='ocrx_word' id='word_1_107' title='bbox 768 2597 896 2672; x_wconf 74' lang='lat' dir='ltr'>adest?</span> <span class='ocrx_word' id='word_1_108' title='bbox 912 2607 961 2684; x_wconf 91' lang='lat' dir='ltr'>et,</span> <span class='ocrx_word' id='word_1_109' title='bbox 974 2598 1094 2686; x_wconf 85' lang='lat' dir='ltr'>adest,</span> <span class='ocrx_word' id='word_1_110' title='bbox 1106 2591 1478 2694; x_wconf 88' lang='lat' dir='ltr'>responderatEcho.</span> 
     </span>
    </p>
   </div>
   <div class='ocr_carea' id='block_1_3' title="bbox 402 2787 1486 4722">
    <p class='ocr_par' dir='ltr' id='par_1_5' title="bbox 437 2787 1483 2933">
     <span class='ocr_line' id='line_1_17' title="bbox 471 2787 1483 2862; baseline -0.008 -18"><span class='ocrx_word' id='word_1_111' title='bbox 471 2795 528 2844; x_wconf 79' lang='lat'>³68.</span> <span class='ocrx_word' id='word_1_112' title='bbox 545 2793 623 2858; x_wconf 76' lang='lat' dir='ltr'>Reque</span> <span class='ocrx_word' id='word_1_113' title='bbox 635 2794 821 2858; x_wconf 80' lang='lat' dir='ltr'>minurfirmot.]</span> <span class='ocrx_word' id='word_1_114' title='bbox 835 2795 873 2844; x_wconf 81' lang='lat' dir='ltr'>Re</span> <span class='ocrx_word' id='word_1_115' title='bbox 884 2795 936 2862; x_wconf 84' lang='lat' dir='ltr'>ipse</span> <span class='ocrx_word' id='word_1_116' title='bbox 986 2793 1094 2844; x_wconf 84' lang='lat' dir='ltr'>celeriter</span> <span class='ocrx_word' id='word_1_117' title='bbox 1103 2793 1182 2857; x_wconf 75' lang='lat' dir='ltr'>ignem</span> <span class='ocrx_word' id='word_1_118' title='bbox 1190 2790 1298 2857; x_wconf 77' lang='lat' dir='ltr'>capiunt.</span> <span class='ocrx_word' id='word_1_119' title='bbox 1317 2787 1420 2838; x_wconf 85' lang='lat' dir='ltr'>Remed.</span> <span class='ocrx_word' id='word_1_120' title='bbox 1428 2789 1483 2837; x_wconf 80' lang='lat'>700.</span> 
     </span>
     <span class='ocr_line' id='line_1_18' title="bbox 437 2863 1482 2933; baseline -0.008 -15"><span class='ocrx_word' id='word_1_121' title='bbox 437 2865 558 2918; x_wconf 85' lang='lat' dir='ltr'>eteffectu</span> <span class='ocrx_word' id='word_1_122' title='bbox 568 2867 643 2916; x_wconf 82' lang='lat' dir='ltr'>minas</span> <span class='ocrx_word' id='word_1_123' title='bbox 653 2867 788 2933; x_wconf 81' lang='lat' dir='ltr'>exequitur.</span> <span class='ocrx_word' id='word_1_124' title='bbox 985 2871 1070 2930; x_wconf 68' lang='lat' dir='ltr'>rapide</span> <span class='ocrx_word' id='word_1_125' title='bbox 1081 2867 1157 2933; x_wconf 80' lang='lat' dir='ltr'>socer.</span> <span class='ocrx_word' id='word_1_126' title='bbox 1193 2867 1284 2928; x_wconf 76' lang='lat' dir='ltr'>Rapere</span> <span class='ocrx_word' id='word_1_127' title='bbox 1301 2863 1373 2920; x_wconf 90' lang='lat' dir='ltr'>euim,</span> <span class='ocrx_word' id='word_1_128' title='bbox 1391 2870 1418 2911; x_wconf 87' lang='lat' dir='ltr'>ut</span> <span class='ocrx_word' id='word_1_129' title='bbox 1433 2878 1482 2910; x_wconf 88' lang='lat' dir='ltr'>ruo·</span> 
     </span>
    </p>

    <p class='ocr_par' dir='ltr' id='par_1_6' title="bbox 437 2936 1483 3980">
     <span class='ocr_line' id='line_1_19' title="bbox 471 2936 1482 3007; baseline -0.007 -15"><span class='ocrx_word' id='word_1_130' title='bbox 471 2943 529 2992; x_wconf 80' lang='grc'><strong>370.</strong></span> <span class='ocrx_word' id='word_1_131' title='bbox 541 2943 636 3007; x_wconf 72' lang='lat' dir='ltr'>Deoia]</span> <span class='ocrx_word' id='word_1_132' title='bbox 650 2943 698 3001; x_wconf 85' lang='lat' dir='ltr'>Qui</span> <span class='ocrx_word' id='word_1_133' title='bbox 715 2959 741 2992; x_wconf 83' lang='lat' dir='ltr'>sc</span> <span class='ocrx_word' id='word_1_134' title='bbox 757 2941 831 2992; x_wconf 82' lang='lat' dir='ltr'>effuse</span> <span class='ocrx_word' id='word_1_135' title='bbox 845 2951 935 3001; x_wconf 79' lang='lat' dir='ltr'>emant,</span> <span class='ocrx_word' id='word_1_136' title='bbox 986 2950 1027 2992; x_wconf 86' lang='lat' dir='ltr'>net</span> <span class='ocrx_word' id='word_1_137' title='bbox 1034 2943 1193 2997; x_wconf 81' lang='lat' dir='ltr'>Burmannus,</span> <span class='ocrx_word' id='word_1_138' title='bbox 1203 2941 1301 2990; x_wconf 85' lang='lat' dir='ltr'>verbum</span> <span class='ocrx_word' id='word_1_139' title='bbox 1309 2936 1482 3004; x_wconf 81' lang='lat' dir='ltr'>propriumigni</span> 
     </span>
     <span class='ocr_line' id='line_1_20' title="bbox 438 3011 1483 3090; baseline -0.006 -24"><span class='ocrx_word' id='word_1_140' title='bbox 438 3025 512 3082; x_wconf 82' lang='lat' dir='ltr'>atque</span> <span class='ocrx_word' id='word_1_141' title='bbox 527 3017 677 3068; x_wconf 80' lang='lat' dir='ltr'>immodicam</span> <span class='ocrx_word' id='word_1_142' title='bbox 693 3017 895 3090; x_wconf 75' lang='lat' dir='ltr'>conceperpntde</span> <span class='ocrx_word' id='word_1_143' title='bbox 910 3035 935 3068; x_wconf 84' lang='lat' dir='ltr'>se</span> <span class='ocrx_word' id='word_1_144' title='bbox 985 3027 1010 3066; x_wconf 91' lang='lat' dir='ltr'>et</span> <span class='ocrx_word' id='word_1_145' title='bbox 1027 3016 1145 3076; x_wconf 56' lang='lat' dir='ltr'>flammam</span> <span class='ocrx_word' id='word_1_146' title='bbox 1162 3014 1311 3080; x_wconf 71' lang='lat' dir='ltr'>conferque</span> <span class='ocrx_word' id='word_1_147' title='bbox 1331 3012 1433 3062; x_wconf 80' lang='lat' dir='ltr'>diximus</span> <span class='ocrx_word' id='word_1_148' title='bbox 1452 3011 1483 3060; x_wconf 82' lang='lat' dir='ltr'>sd</span> 
     </span>
     <span class='ocr_line' id='line_1_21' title="bbox 437 3089 1483 3157; baseline -0.002 -19"><span class='ocrx_word' id='word_1_149' title='bbox 437 3089 580 3157; x_wconf 78' lang='lat' dir='ltr'>opinionem,</span> <span class='ocrx_word' id='word_1_150' title='bbox 599 3107 647 3139; x_wconf 86' lang='lat' dir='ltr'>uon</span> <span class='ocrx_word' id='word_1_151' title='bbox 665 3091 766 3140; x_wconf 85' lang='lat' dir='ltr'>multum</span> <span class='ocrx_word' id='word_1_152' title='bbox 786 3091 811 3139; x_wconf 85' lang='lat' dir='ltr'>iu</span> <span class='ocrx_word' id='word_1_153' title='bbox 831 3089 935 3157; x_wconf 84' lang='lat' dir='ltr'>publico,</span> <span class='ocrx_word' id='word_1_154' title='bbox 985 3091 1010 3139; x_wconf 92' lang='lat' dir='ltr'>ii.</span> <span class='ocrx_word' id='word_1_155' title='bbox 1029 3091 1085 3140; x_wconf 76' lang='lat'>12³.</span> <span class='ocrx_word' id='word_1_156' title='bbox 1123 3089 1192 3138; x_wconf 88' lang='lat' dir='ltr'>Idem</span> <span class='ocrx_word' id='word_1_157' title='bbox 1211 3089 1362 3138; x_wconf 72' lang='lat' dir='ltr'>Burmannus</span> <span class='ocrx_word' id='word_1_158' title='bbox 1379 3089 1483 3136; x_wconf 76' lang='lat' dir='ltr'>adbibere</span> 
     </span>
     <span class='ocr_line' id='line_1_22' title="bbox 439 3163 1483 3233; baseline -0.003 -19"><span class='ocrx_word' id='word_1_159' title='bbox 439 3174 483 3214; x_wconf 83' lang='lat' dir='ltr'>eut</span> <span class='ocrx_word' id='word_1_160' title='bbox 496 3165 521 3214; x_wconf 90' lang='lat' dir='ltr'>in</span> <span class='ocrx_word' id='word_1_161' title='bbox 534 3168 605 3215; x_wconf 88' lang='lat' dir='ltr'>rebus</span> <span class='ocrx_word' id='word_1_162' title='bbox 620 3165 730 3216; x_wconf 82' lang='lat' dir='ltr'>civilibus</span> <span class='ocrx_word' id='word_1_163' title='bbox 740 3180 876 3214; x_wconf 75' lang='lat' dir='ltr'>versentur:</span> <span class='ocrx_word' id='word_1_164' title='bbox 895 3166 935 3216; x_wconf 82' lang='lat' dir='ltr'>liic</span> <span class='ocrx_word' id='word_1_165' title='bbox 984 3182 1060 3228; x_wconf 75' lang='lat' dir='ltr'>preces</span> <span class='ocrx_word' id='word_1_166' title='bbox 1083 3165 1181 3233; x_wconf 80' lang='lat' dir='ltr'>publice</span> <span class='ocrx_word' id='word_1_167' title='bbox 1201 3165 1276 3214; x_wconf 74' lang='lat' dir='ltr'>forme</span> <span class='ocrx_word' id='word_1_168' title='bbox 1296 3163 1388 3212; x_wconf 87' lang='lat' dir='ltr'>dictum</span> <span class='ocrx_word' id='word_1_169' title='bbox 1407 3169 1483 3229; x_wconf 74' lang='lat' dir='ltr'>putet.</span> 
     </span>
     <span class='ocr_line' id='line_1_23' title="bbox 439 3237 1483 3306; baseline -0.004 -16"><span class='ocrx_word' id='word_1_170' title='bbox 439 3240 503 3290; x_wconf 83' lang='lat' dir='ltr'>enim</span> <span class='ocrx_word' id='word_1_171' title='bbox 524 3239 647 3304; x_wconf 82' lang='lat' dir='ltr'>neglectus</span> <span class='ocrx_word' id='word_1_172' title='bbox 668 3239 737 3289; x_wconf 89' lang='lat' dir='ltr'>multi</span> <span class='ocrx_word' id='word_1_173' title='bbox 764 3249 788 3290; x_wconf 89' lang='lat' dir='ltr'>et</span> <span class='ocrx_word' id='word_1_174' title='bbox 806 3239 937 3306; x_wconf 82' lang='lat' dir='ltr'>vilipendis</span> <span class='ocrx_word' id='word_1_175' title='bbox 986 3241 1076 3298; x_wconf 79' lang='lat' dir='ltr'>Molles,</span> <span class='ocrx_word' id='word_1_176' title='bbox 1086 3241 1173 3306; x_wconf 83' lang='lat' dir='ltr'>quibus</span> <span class='ocrx_word' id='word_1_177' title='bbox 1184 3239 1322 3288; x_wconf 83' lang='lat' dir='ltr'>molliuntur</span> <span class='ocrx_word' id='word_1_178' title='bbox 1331 3247 1427 3304; x_wconf 83' lang='lat' dir='ltr'>pectora</span> <span class='ocrx_word' id='word_1_179' title='bbox 1439 3237 1483 3286; x_wconf 85' lang='lat' dir='ltr'>(lu-</span> 
     </span>
     <span class='ocr_line' id='line_1_24' title="bbox 439 3312 1481 3380; baseline -0.007 -14"><span class='ocrx_word' id='word_1_180' title='bbox 439 3323 634 3380; x_wconf 68' lang='lat' dir='ltr'>decurruntque</span> <span class='ocrx_word' id='word_1_181' title='bbox 648 3329 673 3364; x_wconf 82' lang='lat' dir='ltr'>se</span> <span class='ocrx_word' id='word_1_182' title='bbox 687 3313 733 3364; x_wconf 89' lang='lat' dir='ltr'>sibi</span> <span class='ocrx_word' id='word_1_183' title='bbox 748 3315 935 3364; x_wconf 81' lang='lat' dir='ltr'>ostendentaui-</span> <span class='ocrx_word' id='word_1_184' title='bbox 984 3331 1021 3365; x_wconf 86' lang='lat' dir='ltr'>rs.</span> <span class='ocrx_word' id='word_1_185' title='bbox 1054 3315 1143 3364; x_wconf 84' lang='lat' dir='ltr'>Similis</span> <span class='ocrx_word' id='word_1_186' title='bbox 1158 3315 1225 3363; x_wconf 88' lang='lat' dir='ltr'>locus</span> <span class='ocrx_word' id='word_1_187' title='bbox 1239 3312 1321 3362; x_wconf 82' lang='lat' dir='ltr'>Tibul.</span> <span class='ocrx_word' id='word_1_188' title='bbox 1334 3312 1381 3362; x_wconf 91' lang='lat'>111.</span> <span class='ocrx_word' id='word_1_189' title='bbox 1391 3313 1424 3362; x_wconf 81' lang='lat' dir='ltr'>iv.</span> <span class='ocrx_word' id='word_1_190' title='bbox 1434 3313 1481 3362; x_wconf 82' lang='lat'>⁷5:</span> 
     </span>
     <span class='ocr_line' id='line_1_25' title="bbox 439 3387 1483 3455; baseline -0.004 -17"><span class='ocrx_word' id='word_1_191' title='bbox 439 3405 491 3438; x_wconf 85' lang='lat' dir='ltr'>mos</span> <span class='ocrx_word' id='word_1_192' title='bbox 503 3389 605 3455; x_wconf 85' lang='lat' dir='ltr'>ipsomm</span> <span class='ocrx_word' id='word_1_193' title='bbox 617 3388 739 3454; x_wconf 82' lang='lat' dir='ltr'>dejectum</span> <span class='ocrx_word' id='word_1_194' title='bbox 746 3405 753 3448; x_wconf 90' lang='lat'>;</span> <span class='ocrx_word' id='word_1_195' title='bbox 769 3387 851 3454; x_wconf 81' lang='lat' dir='ltr'>itaque</span> <span class='ocrx_word' id='word_1_196' title='bbox 862 3389 935 3438; x_wconf 84' lang='lat' dir='ltr'>vitem</span> <span class='ocrx_word' id='word_1_197' title='bbox 986 3391 1022 3439; x_wconf 79' lang='lat' dir='ltr'>Ne</span> <span class='ocrx_word' id='word_1_198' title='bbox 1043 3393 1124 3440; x_wconf 74' lang='lat' dir='ltr'>dubito</span> <span class='ocrx_word' id='word_1_199' title='bbox 1151 3392 1246 3439; x_wconf 61' lang='lat' dir='ltr'>wodor</span> <span class='ocrx_word' id='word_1_200' title='bbox 1272 3390 1378 3437; x_wconf 76' lang='lat' dir='ltr'>adbibere</span> <span class='ocrx_word' id='word_1_201' title='bbox 1406 3403 1483 3450; x_wconf 78' lang='lat' dir='ltr'>quere-</span> 
     </span>
     <span class='ocr_line' id='line_1_26' title="bbox 439 3461 1482 3530; baseline 0 -18"><span class='ocrx_word' id='word_1_202' title='bbox 439 3465 579 3530; x_wconf 85' lang='lat' dir='ltr'>plerumque</span> <span class='ocrx_word' id='word_1_203' title='bbox 596 3463 687 3527; x_wconf 76' lang='lat' dir='ltr'>degunt</span> <span class='ocrx_word' id='word_1_204' title='bbox 703 3463 840 3520; x_wconf 78' lang='lat' dir='ltr'>solitariam,</span> <span class='ocrx_word' id='word_1_205' title='bbox 858 3461 936 3529; x_wconf 81' lang='lat' dir='ltr'>prive-</span> <span class='ocrx_word' id='word_1_206' title='bbox 986 3467 1027 3524; x_wconf 82' lang='lat' dir='ltr'>lor,</span> <span class='ocrx_word' id='word_1_207' title='bbox 1057 3467 1189 3516; x_wconf 78' lang='lat' dir='ltr'>Vincuntur</span> <span class='ocrx_word' id='word_1_208' title='bbox 1216 3465 1280 3514; x_wconf 74' lang='lat' dir='ltr'>molli</span> <span class='ocrx_word' id='word_1_209' title='bbox 1305 3473 1397 3527; x_wconf 78' lang='lat' dir='ltr'>pectora</span> <span class='ocrx_word' id='word_1_210' title='bbox 1421 3465 1482 3512; x_wconf 78' lang='lat' dir='ltr'>durs</span> 
     </span>
     <span class='ocr_line' id='line_1_27' title="bbox 440 3534 1059 3604; baseline -0.002 -17"><span class='ocrx_word' id='word_1_211' title='bbox 440 3548 488 3587; x_wconf 80' lang='lat' dir='ltr'>tem</span> <span class='ocrx_word' id='word_1_212' title='bbox 503 3534 705 3595; x_wconf 66' lang='lat' dir='ltr'>erumbmibm,</span> <span class='ocrx_word' id='word_1_213' title='bbox 716 3537 799 3586; x_wconf 82' lang='lat' dir='ltr'>vilium</span> <span class='ocrx_word' id='word_1_214' title='bbox 814 3536 935 3586; x_wconf 87' lang='lat' dir='ltr'>bominum</span> <span class='ocrx_word' id='word_1_215' title='bbox 983 3557 1059 3604; x_wconf 74' lang='lat' dir='ltr'>prece.</span> 
     </span>
     <span class='ocr_line' id='line_1_28' title="bbox 439 3610 1482 3680; baseline 0.001 -20"><span class='ocrx_word' id='word_1_216' title='bbox 439 3611 554 3660; x_wconf 79' lang='lat' dir='ltr'>comitatu</span> <span class='ocrx_word' id='word_1_217' title='bbox 563 3610 645 3668; x_wconf 86' lang='lat' dir='ltr'>cincti,</span> <span class='ocrx_word' id='word_1_218' title='bbox 655 3611 696 3676; x_wconf 92' lang='lat' dir='ltr'>qui</span> <span class='ocrx_word' id='word_1_219' title='bbox 712 3610 766 3660; x_wconf 91' lang='lat' dir='ltr'>illos</span> <span class='ocrx_word' id='word_1_220' title='bbox 775 3611 852 3660; x_wconf 87' lang='lat' dir='ltr'>oolere</span> <span class='ocrx_word' id='word_1_221' title='bbox 863 3620 936 3677; x_wconf 80' lang='lat' dir='ltr'>etque</span> <span class='ocrx_word' id='word_1_222' title='bbox 1017 3617 1075 3665; x_wconf 80' lang='grc'><strong>379.</strong></span> <span class='ocrx_word' id='word_1_223' title='bbox 1087 3615 1165 3680; x_wconf 76' lang='lat' dir='ltr'>Fida]</span> <span class='ocrx_word' id='word_1_224' title='bbox 1182 3613 1284 3664; x_wconf 86' lang='lat' dir='ltr'>Soleune</span> <span class='ocrx_word' id='word_1_225' title='bbox 1302 3613 1413 3662; x_wconf 87' lang='lat' dir='ltr'>comitum</span> <span class='ocrx_word' id='word_1_226' title='bbox 1431 3613 1482 3678; x_wconf 90' lang='lat' dir='ltr'>epi·</span> 
     </span>
     <span class='ocr_line' id='line_1_29' title="bbox 439 3683 1481 3755; baseline -0.002 -19"><span class='ocrx_word' id='word_1_227' title='bbox 439 3684 550 3736; x_wconf 75' lang='lat' dir='ltr'>admirari</span> <span class='ocrx_word' id='word_1_228' title='bbox 564 3683 610 3732; x_wconf 87' lang='lat' dir='ltr'>sibi</span> <span class='ocrx_word' id='word_1_229' title='bbox 619 3684 645 3732; x_wconf 88' lang='lat' dir='ltr'>in</span> <span class='ocrx_word' id='word_1_230' title='bbox 656 3684 760 3734; x_wconf 76' lang='lat' dir='ltr'>animum</span> <span class='ocrx_word' id='word_1_231' title='bbox 770 3685 895 3742; x_wconf 80' lang='lat' dir='ltr'>inducent,</span> <span class='ocrx_word' id='word_1_232' title='bbox 908 3700 936 3734; x_wconf 80' lang='lat' dir='ltr'>ec</span> <span class='ocrx_word' id='word_1_233' title='bbox 986 3690 1067 3743; x_wconf 78' lang='lat' dir='ltr'>theton</span> <span class='ocrx_word' id='word_1_234' title='bbox 1077 3707 1083 3749; x_wconf 91' lang='lat'>;</span> <span class='ocrx_word' id='word_1_235' title='bbox 1094 3705 1150 3755; x_wconf 75' lang='lat' dir='ltr'>ergo</span> <span class='ocrx_word' id='word_1_236' title='bbox 1161 3697 1253 3738; x_wconf 81' lang='lat' dir='ltr'>tantum</span> <span class='ocrx_word' id='word_1_237' title='bbox 1263 3695 1340 3736; x_wconf 82' lang='lat' dir='ltr'>ornet.</span> <span class='ocrx_word' id='word_1_238' title='bbox 1356 3687 1466 3736; x_wconf 73' lang='lat' dir='ltr'>Seductus</span> <span class='ocrx_word' id='word_1_239' title='bbox 1471 3703 1481 3746; x_wconf 82' lang='lat'>,-</span> 
     </span>
     <span class='ocr_line' id='line_1_30' title="bbox 439 3757 1482 3828; baseline 0.001 -19"><span class='ocrx_word' id='word_1_240' title='bbox 439 3758 579 3809; x_wconf 77' lang='lat' dir='ltr'>veluthbo</span> <span class='ocrx_word' id='word_1_241' title='bbox 588 3757 613 3806; x_wconf 87' lang='lat' dir='ltr'>in</span> <span class='ocrx_word' id='word_1_242' title='bbox 624 3758 732 3808; x_wconf 83' lang='lat' dir='ltr'>omuibus</span> <span class='ocrx_word' id='word_1_243' title='bbox 740 3757 811 3807; x_wconf 83' lang='lat' dir='ltr'>dictis</span> <span class='ocrx_word' id='word_1_244' title='bbox 821 3758 938 3824; x_wconf 73' lang='lat' dir='ltr'>lmtisqus</span> <span class='ocrx_word' id='word_1_245' title='bbox 986 3765 1143 3814; x_wconf 71' lang='lat' dir='ltr'>aberraverat.</span> <span class='ocrx_word' id='word_1_246' title='bbox 1159 3763 1270 3828; x_wconf 85' lang='lat' dir='ltr'>Sequitur</span> <span class='ocrx_word' id='word_1_247' title='bbox 1278 3761 1482 3827; x_wconf 87' lang='lat' dir='ltr'>colloquiumcum</span> 
     </span>
     <span class='ocr_line' id='line_1_31' title="bbox 440 3832 1481 3904; baseline 0.001 -21"><span class='ocrx_word' id='word_1_248' title='bbox 440 3832 631 3890; x_wconf 61' lang='lat' dir='ltr'>momentoqtu</span> <span class='ocrx_word' id='word_1_249' title='bbox 640 3833 762 3883; x_wconf 82' lang='lat' dir='ltr'>verborum</span> <span class='ocrx_word' id='word_1_250' title='bbox 773 3843 884 3900; x_wconf 77' lang='lat' dir='ltr'>prestent</span> <span class='ocrx_word' id='word_1_251' title='bbox 894 3835 937 3884; x_wconf 88' lang='lat' dir='ltr'>ob·</span> <span class='ocrx_word' id='word_1_252' title='bbox 986 3839 1061 3896; x_wconf 82' lang='lat' dir='ltr'>Echo,</span> <span class='ocrx_word' id='word_1_253' title='bbox 1073 3854 1176 3904; x_wconf 88' lang='lat' dir='ltr'>quocum</span> <span class='ocrx_word' id='word_1_254' title='bbox 1191 3837 1271 3887; x_wconf 81' lang='lat' dir='ltr'>confer</span> <span class='ocrx_word' id='word_1_255' title='bbox 1279 3835 1399 3902; x_wconf 81' lang='lat' dir='ltr'>Aristopb.</span> <span class='ocrx_word' id='word_1_256' title='bbox 1408 3835 1481 3885; x_wconf 79' lang='lat' dir='ltr'>&#39;lbos-</span> 
     </span>
     <span class='ocr_line' id='line_1_32' title="bbox 439 3907 1483 3980; baseline 0.002 -22"><span class='ocrx_word' id='word_1_257' title='bbox 439 3907 532 3974; x_wconf 85' lang='lat' dir='ltr'>sequia.</span> <span class='ocrx_word' id='word_1_258' title='bbox 986 3915 1066 3980; x_wconf 89' lang='lat' dir='ltr'>mopb.</span> <span class='ocrx_word' id='word_1_259' title='bbox 1095 3915 1158 3963; x_wconf 83' lang='lat'>1065</span> <span class='ocrx_word' id='word_1_260' title='bbox 1184 3929 1238 3978; x_wconf 90' lang='lat' dir='ltr'>sqq.</span> <span class='ocrx_word' id='word_1_261' title='bbox 1285 3912 1353 3977; x_wconf 74' lang='lat' dir='ltr'>Saepe</span> <span class='ocrx_word' id='word_1_262' title='bbox 1379 3911 1483 3961; x_wconf 75' lang='lat' dir='ltr'>Graeculi</span> 
     </span>
    </p>

    <p class='ocr_par' dir='ltr' id='par_1_7' title="bbox 402 3982 1486 4722">
     <span class='ocr_line' id='line_1_33' title="bbox 472 3982 1484 4055; baseline -0.002 -19"><span class='ocrx_word' id='word_1_263' title='bbox 472 3984 531 4033; x_wconf 77' lang='lat'>³72·</span> <span class='ocrx_word' id='word_1_264' title='bbox 543 3983 565 4030; x_wconf 87' lang='lat' dir='ltr'><em>F</em></span> <span class='ocrx_word' id='word_1_265' title='bbox 565 3985 647 4030; x_wconf 71' lang='lat' dir='ltr'>lum</span> <span class='ocrx_word' id='word_1_266' title='bbox 656 3985 759 4045; x_wconf 69' lang='lat' dir='ltr'>propiore</span> <span class='ocrx_word' id='word_1_267' title='bbox 767 3982 879 4046; x_wconf 54' lang='lat' dir='ltr'>celeuil-l</span> <span class='ocrx_word' id='word_1_268' title='bbox 891 3983 937 4032; x_wconf 75' lang='lat' dir='ltr'>Te·</span> <span class='ocrx_word' id='word_1_269' title='bbox 987 3988 1107 4055; x_wconf 86' lang='lat' dir='ltr'>pueriliter</span> <span class='ocrx_word' id='word_1_270' title='bbox 1120 3987 1154 4036; x_wconf 91' lang='lat' dir='ltr'>sic</span> <span class='ocrx_word' id='word_1_271' title='bbox 1169 3987 1291 4036; x_wconf 73' lang='lat' dir='ltr'>ludebant.</span> <span class='ocrx_word' id='word_1_272' title='bbox 1318 3984 1375 4034; x_wconf 86' lang='lat' dir='ltr'>Vid.</span> <span class='ocrx_word' id='word_1_273' title='bbox 1387 3985 1484 4034; x_wconf 74' lang='lat' dir='ltr'>Ramler</span> 
     </span>
     <span class='ocr_line' id='line_1_34' title="bbox 441 4056 1485 4122; baseline 0 -14"><span class='ocrx_word' id='word_1_274' title='bbox 441 4056 530 4108; x_wconf 73' lang='lat' dir='ltr'>tentius</span> <span class='ocrx_word' id='word_1_275' title='bbox 540 4056 602 4105; x_wconf 81' lang='lat' dir='ltr'>Eun.</span> <span class='ocrx_word' id='word_1_276' title='bbox 613 4057 634 4106; x_wconf 90' lang='lat'>1.</span> <span class='ocrx_word' id='word_1_277' title='bbox 645 4056 938 4122; x_wconf 52' lang='lat' dir='ltr'>demendamque</span> <span class='ocrx_word' id='word_1_278' title='bbox 988 4063 1019 4110; x_wconf 87' lang='lat' dir='ltr'>sd</span> <span class='ocrx_word' id='word_1_279' title='bbox 1039 4062 1144 4112; x_wconf 81' lang='lat' dir='ltr'>Martisl.</span> <span class='ocrx_word' id='word_1_280' title='bbox 1158 4062 1193 4110; x_wconf 88' lang='grc' dir='ltr'>ΙΙ.</span> <span class='ocrx_word' id='word_1_281' title='bbox 1206 4059 1296 4109; x_wconf 84' lang='lat' dir='ltr'>lxxxvi.</span> <span class='ocrx_word' id='word_1_282' title='bbox 1311 4061 1336 4108; x_wconf 77' lang='lat'>3.</span> <span class='ocrx_word' id='word_1_283' title='bbox 1367 4059 1413 4108; x_wconf 83' lang='lat' dir='ltr'>Sed</span> <span class='ocrx_word' id='word_1_284' title='bbox 1429 4058 1485 4108; x_wconf 75' lang='lat' dir='ltr'>lul.</span> 
     </span>
     <span class='ocr_line' id='line_1_35' title="bbox 440 4129 1485 4202; baseline 0.004 -24"><span class='ocrx_word' id='word_1_285' title='bbox 440 4131 502 4178; x_wconf 77' lang='lat' dir='ltr'>buno</span> <span class='ocrx_word' id='word_1_286' title='bbox 512 4129 601 4194; x_wconf 78' lang='lat' dir='ltr'>(Tbsin</span> <span class='ocrx_word' id='word_1_287' title='bbox 617 4129 637 4191; x_wconf 76' lang='lat'>3)</span> <span class='ocrx_word' id='word_1_288' title='bbox 648 4135 702 4193; x_wconf 78' lang='lat' dir='ltr'>jam</span> <span class='ocrx_word' id='word_1_289' title='bbox 712 4131 805 4180; x_wconf 64' lang='lat' dir='ltr'>culeum</span> <span class='ocrx_word' id='word_1_290' title='bbox 814 4132 866 4193; x_wconf 86' lang='lat' dir='ltr'>plur</span> <span class='ocrx_word' id='word_1_291' title='bbox 875 4135 938 4180; x_wconf 79' lang='lat' dir='ltr'>ratis.</span> <span class='ocrx_word' id='word_1_292' title='bbox 988 4137 1121 4202; x_wconf 78' lang='lat' dir='ltr'>probandus</span> <span class='ocrx_word' id='word_1_293' title='bbox 1135 4143 1172 4185; x_wconf 82' lang='lat' dir='ltr'>est</span> <span class='ocrx_word' id='word_1_294' title='bbox 1184 4134 1224 4183; x_wconf 86' lang='lat' dir='ltr'>ille</span> <span class='ocrx_word' id='word_1_295' title='bbox 1231 4135 1314 4200; x_wconf 62' lang='lat' dir='ltr'>jocusi</span> <span class='ocrx_word' id='word_1_296' title='bbox 1330 4149 1368 4182; x_wconf 88' lang='lat' dir='ltr'>res</span> <span class='ocrx_word' id='word_1_297' title='bbox 1377 4133 1438 4182; x_wconf 81' lang='lat' dir='ltr'>enim</span> <span class='ocrx_word' id='word_1_298' title='bbox 1450 4133 1485 4182; x_wconf 77' lang='lat' dir='ltr'>ite</span> 
     </span>
     <span class='ocr_line' id='line_1_36' title="bbox 443 4203 1485 4268; baseline 0.003 -15"><span class='ocrx_word' id='word_1_299' title='bbox 443 4204 522 4260; x_wconf 77' lang='lat' dir='ltr'>Vivus.</span> <span class='ocrx_word' id='word_1_300' title='bbox 532 4203 595 4268; x_wconf 87' lang='lat' dir='ltr'>quod</span> <span class='ocrx_word' id='word_1_301' title='bbox 610 4206 711 4254; x_wconf 89' lang='lat' dir='ltr'>multum</span> <span class='ocrx_word' id='word_1_302' title='bbox 722 4207 786 4262; x_wconf 68' lang='lat' dir='ltr'>vite,</span> <span class='ocrx_word' id='word_1_303' title='bbox 801 4206 939 4264; x_wconf 68' lang='lat' dir='ltr'>alacritatis,</span> <span class='ocrx_word' id='word_1_304' title='bbox 987 4211 1132 4260; x_wconf 78' lang='lat' dir='ltr'>instituenda</span> <span class='ocrx_word' id='word_1_305' title='bbox 1150 4219 1210 4267; x_wconf 84' lang='lat' dir='ltr'>eret,</span> <span class='ocrx_word' id='word_1_306' title='bbox 1225 4218 1252 4258; x_wconf 91' lang='lat' dir='ltr'>ut</span> <span class='ocrx_word' id='word_1_307' title='bbox 1267 4209 1334 4259; x_wconf 84' lang='lat' dir='ltr'>Echo</span> <span class='ocrx_word' id='word_1_308' title='bbox 1353 4223 1485 4258; x_wconf 81' lang='lat' dir='ltr'>accommo-</span> 
     </span>
     <span class='ocr_line' id='line_1_37' title="bbox 441 4277 1485 4344; baseline 0.003 -16"><span class='ocrx_word' id='word_1_309' title='bbox 441 4277 581 4344; x_wconf 81' lang='lat' dir='ltr'>rapiditatis,</span> <span class='ocrx_word' id='word_1_310' title='bbox 592 4291 638 4331; x_wconf 87' lang='lat' dir='ltr'>etc.</span> <span class='ocrx_word' id='word_1_311' title='bbox 648 4279 727 4330; x_wconf 78' lang='lat' dir='ltr'>hebet.</span> <span class='ocrx_word' id='word_1_312' title='bbox 749 4280 850 4338; x_wconf 83' lang='lat' dir='ltr'>Gellius,</span> <span class='ocrx_word' id='word_1_313' title='bbox 861 4282 895 4332; x_wconf 85' lang='lat' dir='ltr'>N.</span> <span class='ocrx_word' id='word_1_314' title='bbox 907 4281 938 4331; x_wconf 78' lang='lat' dir='ltr'>A.</span> <span class='ocrx_word' id='word_1_315' title='bbox 988 4284 1044 4334; x_wconf 77' lang='lat' dir='ltr'>dete</span> <span class='ocrx_word' id='word_1_316' title='bbox 1060 4284 1091 4334; x_wconf 83' lang='lat' dir='ltr'>ed</span> <span class='ocrx_word' id='word_1_317' title='bbox 1106 4284 1168 4334; x_wconf 84' lang='lat' dir='ltr'>benc</span> <span class='ocrx_word' id='word_1_318' title='bbox 1179 4283 1286 4333; x_wconf 79' lang='lat' dir='ltr'>tabulam</span> <span class='ocrx_word' id='word_1_319' title='bbox 1297 4291 1404 4332; x_wconf 80' lang='lat' dir='ltr'>naturam</span> <span class='ocrx_word' id='word_1_320' title='bbox 1415 4297 1485 4331; x_wconf 83' lang='lat' dir='ltr'>susm</span> 
     </span>
     <span class='ocr_line' id='line_1_38' title="bbox 402 4353 1484 4425; baseline 0.004 -23"><span class='ocrx_word' id='word_1_321' title='bbox 402 4378 407 4386; x_wconf 95' lang='lat'>·</span> <span class='ocrx_word' id='word_1_322' title='bbox 441 4355 668 4411; x_wconf 59' lang='lat' dir='ltr'>abstinuerimus,</span> <span class='ocrx_word' id='word_1_323' title='bbox 679 4353 848 4420; x_wconf 84' lang='lat' dir='ltr'>rapidissimus,</span> <span class='ocrx_word' id='word_1_324' title='bbox 860 4373 940 4405; x_wconf 76' lang='lat' dir='ltr'>currus</span> <span class='ocrx_word' id='word_1_325' title='bbox 988 4358 1110 4409; x_wconf 85' lang='lat' dir='ltr'>ostendere</span> <span class='ocrx_word' id='word_1_326' title='bbox 1121 4367 1207 4425; x_wconf 74' lang='lat' dir='ltr'>posset.</span> <span class='ocrx_word' id='word_1_327' title='bbox 1234 4360 1311 4406; x_wconf 75' lang='lat' dir='ltr'>Artem</span> <span class='ocrx_word' id='word_1_328' title='bbox 1321 4359 1413 4414; x_wconf 76' lang='lat' dir='ltr'>dimisit,</span> <span class='ocrx_word' id='word_1_329' title='bbox 1423 4373 1484 4406; x_wconf 89' lang='lat' dir='ltr'>ocu-</span> 
     </span>
     <span class='ocr_line' id='line_1_39' title="bbox 440 4427 1485 4499; baseline 0.004 -21"><span class='ocrx_word' id='word_1_330' title='bbox 440 4429 506 4494; x_wconf 84' lang='lat' dir='ltr'>equi.</span> <span class='ocrx_word' id='word_1_331' title='bbox 518 4427 761 4490; x_wconf 83' lang='lat' dir='ltr'>Quintil.1nst.0mt.</span> <span class='ocrx_word' id='word_1_332' title='bbox 768 4430 802 4478; x_wconf 92' lang='lat'>11.</span> <span class='ocrx_word' id='word_1_333' title='bbox 809 4431 869 4480; x_wconf 72' lang='lat' dir='ltr'>vta.</span> <span class='ocrx_word' id='word_1_334' title='bbox 876 4434 938 4480; x_wconf 81' lang='lat' dir='ltr'>otoo-</span> <span class='ocrx_word' id='word_1_335' title='bbox 988 4434 1024 4483; x_wconf 81' lang='lat' dir='ltr'>los</span> <span class='ocrx_word' id='word_1_336' title='bbox 1043 4433 1138 4492; x_wconf 80' lang='lat' dir='ltr'>direxit,</span> <span class='ocrx_word' id='word_1_337' title='bbox 1155 4431 1333 4499; x_wconf 81' lang='lat' dir='ltr'>circumspexit.</span> <span class='ocrx_word' id='word_1_338' title='bbox 1350 4431 1399 4480; x_wconf 82' lang='lat' dir='ltr'>viii.</span> <span class='ocrx_word' id='word_1_339' title='bbox 1420 4433 1485 4482; x_wconf 78' lang='lat'><strong>189:</strong></span> 
     </span>
     <span class='ocr_line' id='line_1_40' title="bbox 441 4501 1486 4572; baseline 0.005 -21"><span class='ocrx_word' id='word_1_340' title='bbox 441 4501 938 4568; x_wconf 78' lang='lat' dir='ltr'>tiores,quisuutelecrioreingenlo;vide</span> <span class='ocrx_word' id='word_1_341' title='bbox 989 4507 1083 4572; x_wconf 79' lang='lat' dir='ltr'>Ignotos</span> <span class='ocrx_word' id='word_1_342' title='bbox 1102 4512 1204 4556; x_wconf 81' lang='lat' dir='ltr'>animum</span> <span class='ocrx_word' id='word_1_343' title='bbox 1230 4511 1344 4557; x_wconf 80' lang='lat' dir='ltr'>diruittere</span> <span class='ocrx_word' id='word_1_344' title='bbox 1364 4508 1390 4554; x_wconf 73' lang='grc' dir='ltr'>ἐπ</span> <span class='ocrx_word' id='word_1_345' title='bbox 1415 4517 1486 4556; x_wconf 80' lang='lat' dir='ltr'>artes.</span> 
     </span>
     <span class='ocr_line' id='line_1_41' title="bbox 441 4575 1486 4643; baseline 0.004 -16"><span class='ocrx_word' id='word_1_346' title='bbox 441 4575 937 4643; x_wconf 73' lang='lat' dir='ltr'>GronoviiObservst.Ill.ir.p.85·2.Er·</span> <span class='ocrx_word' id='word_1_347' title='bbox 988 4583 1140 4632; x_wconf 82' lang='lat' dir='ltr'>Burmannus</span> <span class='ocrx_word' id='word_1_348' title='bbox 1163 4581 1287 4632; x_wconf 79' lang='lat' dir='ltr'>formulam</span> <span class='ocrx_word' id='word_1_349' title='bbox 1309 4598 1326 4630; x_wconf 85' lang='lat' dir='ltr'>e</span> <span class='ocrx_word' id='word_1_350' title='bbox 1343 4597 1368 4630; x_wconf 87' lang='lat' dir='ltr'>re</span> <span class='ocrx_word' id='word_1_351' title='bbox 1389 4580 1486 4631; x_wconf 76' lang='lat' dir='ltr'>militari</span> 
     </span>
     <span class='ocr_line' id='line_1_42' title="bbox 441 4651 1420 4722; baseline 0.005 -22"><span class='ocrx_word' id='word_1_352' title='bbox 441 4654 570 4716; x_wconf 63' lang='lat' dir='ltr'>gerlauno</span> <span class='ocrx_word' id='word_1_353' title='bbox 578 4651 689 4714; x_wconf 79' lang='lat' dir='ltr'>sulphura</span> <span class='ocrx_word' id='word_1_354' title='bbox 700 4659 756 4700; x_wconf 86' lang='lat' dir='ltr'>suut</span> <span class='ocrx_word' id='word_1_355' title='bbox 765 4651 871 4717; x_wconf 76' lang='lat' dir='ltr'>rapacis,</span> <span class='ocrx_word' id='word_1_356' title='bbox 884 4669 937 4718; x_wconf 72' lang='lat' dir='ltr'>que</span> <span class='ocrx_word' id='word_1_357' title='bbox 988 4657 1085 4706; x_wconf 81' lang='lat' dir='ltr'>ductam</span> <span class='ocrx_word' id='word_1_358' title='bbox 1100 4657 1264 4708; x_wconf 79' lang='lat' dir='ltr'>arbitrabatur.</span> <span class='ocrx_word' id='word_1_359' title='bbox 1290 4657 1345 4706; x_wconf 85' lang='lat' dir='ltr'>Non</span> <span class='ocrx_word' id='word_1_360' title='bbox 1355 4665 1420 4722; x_wconf 89' lang='lat' dir='ltr'>puto.</span> 
     </span>
    </p>
   </div>
   <div class='ocr_carea' id='block_1_4' title="bbox 0 0 1762 6002">
    <p class='ocr_par' dir='ltr' id='par_1_8' title="bbox 0 0 1762 6002">
     <span class='ocr_line' id='line_1_43' title="bbox 0 0 1762 6002; baseline 0 0"><span class='ocrx_word' id='word_1_361' title='bbox 0 0 1762 6002; x_wconf 95' lang='lat' dir='ltr'> </span> 
     </span>
    </p>
   </div>
  </div>
 </body>
</html>
