3468 5994
455 766 521 832 att
753 767 792 831 P.
817 764 980 832 OVIDII
1005 763 1217 830 NASONIS

457 939 553 1016 Esse
572 939 698 1028 Deus;
728 964 794 1015 scu
813 951 855 1014 tu
874 939 980 1015 Deus
999 964 1052 1026 es,
1072 949 1180 1038 potes
1197 963 1283 1014 esse
1302 938 1477 1037 Cupid0;

458 1057 546 1132 Sive
564 1081 605 1131 es
623 1056 803 1144 mortalis,
823 1057 888 1154 qui
903 1068 941 1131 te
958 1080 1122 1154 genuere
1139 1055 1255 1144 beati,

457 1171 516 1247 Et
526 1173 640 1247 frater
657 1172 760 1259 felix,
779 1183 818 1246 et
835 1171 1025 1246 fortunata
1042 1171 1210 1271 profecto

459 1289 501 1362 Si
519 1313 596 1386 qua
612 1289 681 1364 tibi
700 1313 802 1362 soror
819 1300 890 1376 est,
909 1299 949 1362 et
964 1312 1050 1387 quae
1068 1288 1174 1362 dedit
1191 1289 1309 1363 ubera
1325 1288 1465 1362 nutrix.

460 1406 539 1482 Sed
555 1407 667 1503 longe
686 1406 847 1494 cunctis
866 1405 1054 1503 longeque
1072 1405 1258 1504 potentior
1276 1406 1362 1493 illis,
1430 1411 1507 1480 325

459 1523 500 1596 Si
518 1548 595 1622 qua
611 1523 681 1596 tibi
700 1547 838 1622 sponsa
855 1534 926 1610 est,
947 1524 978 1597 si
997 1547 1112 1622 quam
1129 1522 1335 1620 dignabere
1352 1523 1463 1596 taeda.

397 1659 399 1662 ·
457 1637 552 1713 Haec
569 1640 638 1715 tibi
657 1639 735 1722 sive
754 1639 882 1738 aliqua
899 1651 971 1727 est,
992 1665 1076 1714 mea
1094 1641 1144 1714 sit
1160 1640 1296 1715 furtiva
1312 1639 1504 1738 voluptas:

460 1756 537 1837 Seu
550 1757 654 1831 nulla
666 1768 736 1844 est,
752 1775 824 1854 ego
838 1757 921 1844 sim,
936 1757 1220 1854 thalamumque
1234 1756 1403 1829 ineamus
1414 1779 1513 1829 eun·.

459 1874 553 1948 Nais
567 1873 614 1948 ab
632 1874 689 1947 his
706 1873 844 1948 tacuit:
865 1873 972 1973 pueri
987 1875 1099 1948 rubor
1109 1897 1175 1947 ora
1188 1873 1342 1960 notavit,
1362 1871 1507 1967 [dem.’'

458 1991 496 2066 N
498 1991 611 2078 eseia,
631 1985 724 2090 quid
742 1993 792 2066 sit
809 2016 933 2082 am0r3
963 1991 1030 2066 sed
1049 1989 1300 2066 eterubuisse
1318 1989 1493 2062 decebat.

458 2105 533 2181 Hic
551 2108 653 2182 color
671 2108 798 2207 aprica
815 2107 1067 2206 pendentibus
1086 2107 1218 2180 arbore
1236 2105 1370 2204 pomis,
1429 2109 1500 2178 331

456 2223 535 2297 Aut
552 2224 655 2299 ebori
673 2225 792 2298 tincto
809 2235 879 2313 est,
899 2235 964 2298 ant
981 2225 1051 2298 sub
1069 2223 1231 2298 candore
1251 2221 1413 2308 rubenti,

460 2339 586 2423 Quum
603 2340 740 2415 frustra
760 2352 938 2416 resonant
955 2365 1030 2415 aera
1047 2339 1255 2424 auxiliaria,
1277 2337 1406 2412 Lunae.

345 2455 350 2462 ’
459 2455 638 2531 Poscenti
659 2457 848 2557 Nymphae
867 2458 948 2533 sine
966 2459 1040 2530 fine
1059 2457 1199 2532 sororia
1216 2457 1350 2530 saltem
1434 2457 1508 2527 334

460 2571 615 2660 Oscula,
626 2575 784 2672 jamque
801 2565 934 2649 manus
949 2575 996 2649 ad
1011 2575 1177 2648 eburnea
1194 2573 1293 2646 colla
1309 2571 1456 2657 ferenti,

459 2697 484 2726 “
494 2686 649 2776 Desine,
658 2689 717 2763 vel
728 2689 842 2787 fugio,
854 2691 1095 2788 tecumque‚’'
1105 2689 1169 2777 ait,
1183 2697 1207 2726 “
1217 2689 1291 2762 ista
1301 2686 1514 2785 relinquo.’'

461 2804 644 2880 Salmacis
658 2807 845 2895 extimuit,
860 2818 883 2846 “
898 2808 1075 2906 Locaque
1085 2807 1166 2881 haec
1177 2807 1246 2880 tibi
1259 2805 1378 2880 libera
1388 2804 1510 2892 trado,

458 3007 508 3056 Sat.
518 3007 550 3056 ri.
560 3009 599 3056 la.
633 3007 774 3058 Uulcanum.
791 3008 955 3073 Nonhicagi-
1006 3011 1121 3066 solemn
1138 3009 1180 3074 qui
1195 3006 1441 3074 Isrns‚raboretiam
1452 3005 1512 3054 Am.

458 3089 504 3137 tur,
516 3090 542 3129 ut
553 3081 703 3130 Burmannus
712 3083 819 3148 putabat,
831 3082 861 3131 de
871 3083 958 3132 furtivo
1007 3085 1041 3133 ΙΙ.
1051 3101 1075 3134 v.
1085 3085 1127 3133 at.
1139 3081 1312 3149 comparationi
1322 3082 1429 3130 inservit.
1453 3081 1513 3130 Per·

458 3155 532 3212 coitu,
542 3155 584 3204 aad
595 3156 626 3204 da
636 3155 740 3220 legitimo
757 3157 916 3214 matrimonio,
926 3156 957 3204 de
1007 3175 1102 3208 suasum
1112 3173 1193 3207 antem
1203 3168 1256 3206 erat
1266 3155 1434 3222 superstitiosa
1447 3156 1511 3204 mal-

458 3245 506 3294 quo
514 3231 627 3278 thalamus
633 3239 658 3279 et
665 3234 723 3280 teda
730 3230 803 3280 etism
811 3247 957 3297 supraversu
1007 3231 1112 3288 titudini,
1123 3231 1166 3280 tali
1183 3241 1288 3296 tempore
1302 3229 1430 3279 Thessalas
1439 3245 1513 3278 vam-

460 3305 644 3355 sustineor.
1006 3307 1063 3356 ficas
1084 3306 1109 3354 id
1136 3321 1215 3370 agere.
1238 3315 1266 3354 ut
1292 3302 1438 3352 carminibus
1464 3303 1517 3352 suis

492 3381 549 3428 ³29.
565 3382 602 3428 At
617 3381 660 3437 tis,
670 3388 723 3446 post
740 3379 801 3437 base,
812 3389 839 3430 ut
849 3379 883 3429 iii.
894 3383 958 3442 273;
1006 3383 1099 3430 Lunam
1113 3380 1144 3430 de
1157 3381 1219 3430 coelo
1234 3377 1446 3436 deducentium
1458 3393 1516 3427 raro

459 3453 509 3503 viii.
520 3455 578 3502 611.
609 3455 657 3502 Ora
668 3457 834 3503 aeternamm
846 3455 972 3518 etiamsi„
1007 3456 1121 3512 laborare,
1141 3457 1159 3503 i.
1175 3471 1198 3504 c.
1218 3463 1301 3504 contra
1319 3453 1373 3510 niti,
1396 3469 1516 3518 pugnare,

459 3530 507 3589 46;
523 3527 607 3576 Amor.
617 3528 664 3576 111.
676 3528 707 3576 vi.
718 3529 758 3576 73.
786 3528 878 3594 Nempe
889 3531 959 3579 rubor
1007 3529 1358 3594 laborantiquehominesposse
1365 3543 1516 3586 succurrere,

459 3612 514 3650 nota
523 3601 619 3666 pudoris
630 3611 677 3650 esta
709 3602 796 3650 Nature
805 3601 877 3666 igitur
886 3603 957 3666 signi·
1007 3613 1031 3654 et
1041 3605 1152 3652 auxiliari
1163 3609 1281 3652 concentu
1292 3601 1443 3668 strepituque
1453 3607 1516 3660 eris,

461 3676 569 3725 licentius
578 3685 704 3741 est,quam
716 3675 829 3742 suffundi.
864 3675 956 3734 Nescio,
1008 3677 1064 3726 bs.
1076 3679 1193 3734 tubarum,
1203 3691 1317 3725 cornuum
1329 3685 1354 3724 et
1364 3674 1516 3724 tintinnabu-

459 3753 514 3814 quid
530 3755 560 3799 sit
578 3767 656 3809 aaron
674 3750 774 3800 Codices
789 3749 871 3805 nostri,
888 3753 960 3800 nescit
1006 3752 1083 3801 lorum
1094 3767 1222 3801 aneorum.
1239 3751 1293 3800 Liv.
1304 3750 1410 3810 xxvi.5;
1428 3751 1520 3808 Senec.

459 3827 515 3886 quid
525 3828 555 3874 sit
564 3841 637 3873 umor.
672 3825 795 3872 aracusa
805 3825 910 3872 meabat.-
927 3824 958 3874 de
1008 3827 1084 3894 llipp.
1100 3844 1150 3876 ver.
1161 3829 1209 3876 735
1220 3841 1290 3890 sqq:
1314 3823 1366 3872 vid.
1386 3824 1465 3876 Cerda
1482 3827 1517 3876 ad

461 3897 497 3945 his
507 3898 585 3947 verbis
595 3898 650 3948 vide
660 3898 691 3947 ad
701 3914 794 3947 versum
804 3899 861 3946 230.
1009 3900 1076 3965 Vir-g.
1095 3903 1147 3951 Ecl.
1166 3901 1217 3949 viii.
1233 3903 1274 3950 69.
1307 3899 1356 3948 Sed
1376 3899 1428 3948 haec
1444 3901 1521 3951 tertia

493 3973 549 4020 331.
568 3974 695 4031 discolor,
708 3973 767 4036 etc]
793 3972 883 4022 Eadem
894 3973 959 4022 simi-

461 4044 544 4102 litudo,
555 4045 588 4094 iii.
600 4048 656 4096 433,
691 4047 775 4104 Pomis,
787 4062 830 4111 pro
847 4063 894 4111 que
912 4047 958 4096 Co·

460 4118 506 4167 dex
515 4117 605 4182 Regius
615 4119 724 4170 B.hsbet
734 4121 809 4168 mulia.
831 4119 895 4170 Huic
905 4137 962 4169 con·

460 4191 533 4240 sentit
544 4191 664 4249 Heinsius,
674 4193 715 4258 qai
728 4209 810 4242 omnes
821 4195 960 4242 vetustiores

461 4265 549 4313 habere
559 4269 625 4316 malis
635 4267 744 4323 affirmat,
755 4277 779 4316 et
789 4267 851 4316 banc
862 4283 959 4334 capsam

460 4339 501 4389 dat
511 4349 584 4398 recte,
595 4341 658 4406 qnod
670 4357 717 4390 non
726 4341 807 4390 omnia
816 4357 886 4406 poma
896 4343 959 4392 colo·

460 4421 512 4462 rata
522 4425 584 4462 sunt.
612 4415 681 4463 Eburi
691 4417 770 4462 tincto.
786 4413 957 4480 PleniusVirg.

461 4487 558 4537 AEneid.
568 4489 610 4536 xii.
620 4490 651 4538 67
661 4508 666 4536 :
687 4487 771 4537 lindum
785 4493 909 4554 ungulam
919 4508 956 4540 ve-

462 4563 508 4610 luti
514 4564 632 4610 summu
638 4573 697 4610 ostro
707 4562 732 4608 Si
742 4565 792 4624 qais
801 4565 865 4612 ebur.
881 4565 959 4622 Luna,

460 4650 535 4698 quum
555 4638 654 4684 candida
673 4635 712 4692 sit,
731 4644 834 4701 tempore
853 4636 960 4688 delectus

1008 3975 1138 4024 similitudo
1157 3975 1230 4042 paulo
1251 3975 1324 4025 altius
1348 3975 1450 4038 repetita
1468 3985 1522 4034 est,

1007 4065 1053 4098 nec
1060 4050 1169 4114 jucunda
1180 4049 1319 4100 admodum.

1044 4125 1101 4173 334.
1118 4125 1210 4174 Sor-orta
1225 4127 1304 4173 osculo
1321 4125 1395 4175 etiam
1410 4125 1443 4172 ix.
1456 4125 1522 4176 538.

1009 4197 1065 4263 lpse
1073 4198 1188 4263 explicat,
1196 4197 1223 4248 ii.
1231 4199 1289 4248 431.
1312 4198 1396 4263 Gierig
1405 4197 1506 4246 admisit
1515 4219 1522 4246 :

1008 4275 1085 4322 deuna
1092 4275 1209 4340 mufuglo
1216 4293 1225 4334 ,·
1242 4290 1307 4332 nam,
1317 4275 1404 4332 aiebat,
1416 4273 1522 4324 interm-

1007 4348 1071 4411 gatio
1088 4351 1188 4398 Muta?
1205 4367 1239 4398 aa
1250 4349 1342 4415 sagio?
1363 4349 1525 4399 incommoda

1006 4421 1064 4469 satis
1074 4429 1110 4471 est
1120 4440 1125 4470 :
1144 4433 1257 4472 caeterum
1267 4422 1306 4472 hic
1315 4439 1412 4488 quaque
1422 4422 1524 4488 simpli.

1009 4492 1069 4542 citas
1086 4495 1154 4559 pueri
1173 4497 1234 4546 bene
1252 4504 1348 4558 notata;
1367 4496 1410 4545 scd
1430 4512 1461 4546 ea
1478 4514 1526 4548 ne·

1010 4577 1100 4630 queant
1117 4585 1212 4620 versum
1229 4570 1264 4620 ita
1281 4568 1461 4620 claudicantem
1477 4588 1527 4620 ex·

1010 4656 1102 4692 entare.
