3526 6018
478 762 543 846 raa
779 770 818 842 Ρ.
836 747 1004 840 'ovrnrr
1029 771 1242 840 nnsonrs

479 953 530 1028 Et
547 953 723 1053 precibus
741 952 879 1050 spretis
897 950 1039 1046 fugisse
1056 973 1124 1048 per
1141 950 1224 1024 avia
1243 946 1476 1050 Nympham,

478 1070 611 1144 Donec
630 1068 777 1144 arenosi
794 1065 985 1166 placidum
1005 1063 1169 1142 Ladonis
1187 1067 1235 1140 ad
1253 1089 1403 1142 amnem

476 1185 654 1275 Venerit;
684 1185 746 1259 hic
765 1184 819 1258 illi
836 1207 988 1258 cursum
1006 1183 1301 1282 impedientibus
1318 1183 1443 1272 undis,

479 1301 534 1377 Ut
551 1327 593 1376 se
611 1312 812 1388 mutarent,
826 1300 993 1400 liquidas
1011 1323 1139 1374 orasse
1158 1323 1325 1388 sorores3
1454 1303 1527 1374 704

477 1419 673 1518 Panaque,
689 1444 808 1518 quum
818 1441 994 1518 prensam
1005 1416 1075 1491 sibi
1089 1417 1171 1514 jam
1187 1416 1352 1514 Syringa
1365 1425 1526 1514 putaret,

473 1537 647 1636 ¹Corpore
661 1561 729 1637 pro
745 1536 936 1636 Nymphae
952 1535 1120 1609 calamos
1137 1533 1305 1608 tenuisse
1318 1533 1526 1632 palustres:

479 1653 659 1752 Dumque
677 1655 729 1728 ibi
749 1655 925 1753 suspirat,
945 1664 1068 1727 motos
1086 1653 1124 1726 in
1143 1652 1326 1726 arundine
1344 1662 1475 1726 ventos

479 1769 663 1846 Effecisse
681 1795 815 1844 sonum
833 1781 1000 1857 tenuem,
1021 1770 1261 1868 similemque
1280 1768 1475 1868 querenti:

476 1884 569 1961 Arte
587 1911 695 1974 nova,
711 1887 892 1986 vocisque
911 1887 1038 1962 Deum
1055 1886 1257 1962 dulcedine
1274 1896 1441 1984 captum,

477 2011 501 2041 “
518 2003 602 2079 Hoc
614 2004 706 2079 mihi
719 2004 921 2081 concilium
932 2003 1096 2094 tecum,''
1107 2001 1264 2090 dixisse,
1278 2013 1302 2042 “
1315 2001 1482 2078 manebit
1493 1999 1527 2076 :”

479 2246 551 2310 Argi:
574 2245 657 2312 itaque
676 2245 747 2295 mem
767 2243 879 2296 narrandi
900 2247 978 2296 lacera
1029 2244 1076 2294 Illa
1086 2245 1184 2294 inventa
1196 2243 1357 2294 retulitPaua
1368 2241 1528 2292 innumerum

479 2320 594 2385 potuisset
604 2329 690 2386 poeta;
706 2319 749 2370 ssd
760 2337 790 2370 ue
800 2319 919 2385 ignoraret
929 2321 979 2370 lec-
1029 2322 1145 2378 Deorum,
1153 2320 1196 2369 aed
1205 2319 1236 2369 da
1247 2319 1326 2384 plebe.
1342 2318 1426 2366 Natal.
1435 2317 1529 2374 Coma,

476 2404 513 2444 tor
531 2395 648 2461 reliquam
665 2395 779 2454 tabulam,
792 2409 845 2444 eam
860 2404 932 2461 poeta
948 2411 978 2444 ex
1029 2395 1073 2445 lib.
1089 2413 1114 2445 v.
1128 2410 1182 2461 cap.
1200 2395 1233 2443 vi.
1248 2393 1349 2458 legatur,
1368 2399 1393 2440 at
1410 2391 1528 2440 Franciaei

477 2485 521 2518 aua
536 2485 636 2535 pereum
648 2469 760 2535 aspergit.
792 2469 918 2534 Ingeniosa
936 2469 978 2519 tali
1030 2469 1123 2520 Baconi
1141 2470 1173 2519 da
1193 2468 1315 2534 Sapientia
1334 2467 1458 2522 Veterum,
1475 2481 1529 2531 uap.

478 2551 612 2594 commento
630 2559 688 2594 usru
706 2553 750 2602 ert,
766 2544 823 2610 quia
839 2543 979 2595 incredibile

479 2617 554 2667 videri
575 2627 676 2684 poterat,
697 2633 747 2668 una
767 2633 822 2667 cum
844 2619 912 2668 linita
930 2619 979 2668 lab.

478 2691 735 2742 oculorruccubuisee.

507 2767 565 2816 707.
573 2767 717 2831 Poseidon]
727 2767 835 2816 Patrium
842 2767 900 2818 lorte
907 2767 979 2834 scrip-

477 2839 508 2889 sit
518 2841 613 2898 Noster,
626 2851 653 2890 ut
667 2841 773 2892 Ladonis
791 2841 864 2891 filiam
878 2843 980 2908 Syringa

479 2915 559 2964 saciat.
576 2917 667 2966 Herus.
702 2915 784 2965 Iarion
802 2916 888 2966 fluvius
904 2918 980 2966 Arca·

478 2989 533 3046 diae,
547 2989 572 3038 in
587 2989 709 3056 Alpheum
724 2989 834 3041 influens.
863 2991 979 3040 Abunda-

477 3065 519 3113 bat
529 3063 606 3130 aquis,
618 3081 663 3114 nec
677 3065 720 3114 ulli
734 3065 836 3114 cedebat
845 3065 977 3130 pulchritu-

477 3137 541 3195 dine,
560 3138 659 3188 Callim.
679 3138 704 3188 b.
722 3139 779 3188 Jov.
800 3141 829 3188 10
840 3157 848 3198 3
870 3139 976 3188 Pausan.

478 3213 538 3262 Arc.
558 3229 583 3278 p.
600 3215 665 3274 651;
682 3213 784 3280 Dionys.
804 3214 899 3278 Perieg.
918 3215 976 3263 117.

479 3287 584 3336 Vocatur
601 3286 627 3336 h.
643 3288 661 3336 l.
679 3289 793 3350 placidius,
810 3286 853 3337 sad
868 3289 901 3337 V.
910 3289 977 3338 Fert.

478 3361 520 3410 89.
537 3377 609 3423 rupes
617 3379 627 3420 ,·
645 3369 670 3410 et
685 3362 720 3410 11.
737 3363 803 3411 Faat.
821 3362 880 3410 27⁴.
894 3361 917 3410 ai
936 3361 977 3410 tri-

477 3436 582 3484 buuntur
593 3439 644 3484 cite
660 3453 733 3499 epra.
762 3436 850 3502 Itaque
863 3436 925 3486 Iutt.
936 3453 978 3486 va-

477 3509 511 3558 rie
523 3510 587 3560 bunc
598 3509 729 3560 dissensum
746 3525 887 3576 componere
899 3515 978 3562 conati

477 3595 540 3634 runt.
569 3585 658 3634 Verum
674 3585 787 3651 epitheta,
800 3585 888 3650 quibus
901 3596 977 3653 poetes

478 3658 584 3724 singulos
599 3659 683 3710 fluvios
700 3667 725 3709 et
743 3670 836 3710 montes
854 3671 978 3720 exornant,

479 3747 526 3781 aon
542 3731 650 3798 urgenda
664 3744 727 3791 suut,
738 3749 782 3783 nee
798 3743 883 3784 natura
898 3751 978 3786 eorum

477 3806 534 3856 inde
548 3807 740 3866 demonstranda,
752 3808 797 3858 nisi
808 3809 908 3858 accedat
921 3825 978 3875 geo-

478 3881 619 3946 graphorum
644 3883 781 3932 auctoritas.
822 3883 906 3948 Itaque
927 3884 978 3934 fleri

477 3963 563 4020 potest,
574 3963 601 4004 ut
615 3955 652 4004 sui
669 3955 745 4012 obliti,
759 3955 837 4006 eidem
854 3956 925 4006 fluvio
941 3957 978 4007 di-

474 4028 554 4078 seran
563 4028 622 4078 locis
632 4029 738 4079 diversas
748 4029 847 4080 virtutes
857 4032 976 4088 tribuant:

479 4102 535 4152 vida
553 4105 637 4152 Burro.
655 4104 687 4153 ad
701 4103 785 4156 Valer.
805 4105 977 4157 11161100.

478 4178 571 4226 Ansam
587 4177 674 4227 sabula
693 4177 762 4228 dedit
779 4189 863 4230 natura
877 4181 979 4231 Ladonis

479 4267 552 4317 quem
574 4253 705 4319 Dionysius
728 4263 808 4312 vocat,
831 4255 979 4322 Εὐώλσμον

480 4328 596 4392 ποταμὸν
622 4330 664 4378 rol
690 4327 839 4394 liirrlpavov
865 4329 979 4382 Δαδῶνα.

481 4401 572 4469 Σύριγξ
589 4403 674 4452 Gracc
688 4403 806 4468 significat
818 4406 922 4454 fistulam
935 4421 979 4471 pa-

479 4477 595 4527 storitiam
611 4477 736 4544 acepta,
747 4477 826 4529 sibilo.
847 4479 979 4539 Lucretius,

478 4551 565 4601 lib.v:
586 4551 618 4600 Et
634 4551 734 4615 Zephyri
750 4569 807 4602 cava
826 4569 866 4615 per
881 4557 979 4602 colunto·

479 4644 531 4674 rrrrn
548 4629 613 4675 sibilo
634 4631 733 4688 primum
752 4628 856 4692 Agrester
876 4629 979 4678 docuere.

1030 2545 1070 2594 vi:
1089 2546 1151 2602 Pon,
1162 2548 1207 2594 siue
1220 2545 1325 2592 Natura.

1062 2620 1118 2669 704.
1131 2616 1354 2682 Liqutde'wrorm]
1373 2613 1493 2680 Nympha
1503 2615 1528 2664 in

1031 2693 1129 2742 Iadone
1138 2692 1283 2742 habitantes.
1303 2689 1418 2739 Similiter
1426 2688 1529 2738 Inachus
1609 2701 1614 2713 ·

1030 2773 1129 2815 vocatur
1139 2767 1240 2829 tquiuus
1248 2781 1339 2828 parm,
1350 2763 1449 2813 Heruld.
1460 2764 1529 2812 xlv.

1030 2841 1072 2902 89.
1090 2840 1198 2906 Propert.
1209 2841 1244 2890 11.
1255 2855 1313 2888 xxv.
1325 2840 1371 2888 84:
1391 2839 1483 2888 Acheloi
1499 2839 1527 2886 ll·

1029 2931 1086 2978 quor
1096 2915 1168 2979 luget.

1062 2989 1118 3038 706.
1136 2987 1260 3051 Calanae]
1284 2988 1416 3036 Burmann.
1434 3003 1463 3036 ex
1481 3003 1528 3036 uuo

1028 3063 1119 3112 Medic.
1136 3079 1223 3112 cennas
1239 3065 1344 3120 maim,
1360 3063 1417 3128 quia
1432 3061 1528 3128 Apulei.

1028 3139 1059 3189 V.
1070 3139 1172 3188 Metam.
1197 3139 1269 3188 Deum
1289 3139 1393 3188 Goumara
1411 3145 1488 3194 vocat,
1504 3145 1528 3186 et

1027 3212 1085 3277 quia
1097 3228 1146 3262 uer.
1160 3213 1215 3260 711.
1242 3210 1290 3262 Sed
1308 3211 1373 3262 Plin.
1390 3211 1453 3261 Hiet.
1470 3213 1528 3261 Nat.

1028 3286 1149 3338 111361.
1164 3288 1210 3337 66:
1229 3287 1372 3336 “Calamus
1388 3287 1449 3336 alius
1466 3293 1529 3335 totus

1028 3375 1155 3417 concavus.
1165 3377 1236 3427 quem
1246 3360 1374 3426 syringiarn
1381 3369 1476 3417 vocant,
1483 3360 1528 3408 uti-

1026 3434 1130 3486 lissimus
1147 3435 1241 3493 fistulis,
1253 3436 1365 3502 quoniam
1379 3435 1438 3484 nihil
1452 3435 1475 3484 ei
1492 3443 1528 3484 eet

1027 3510 1173 3576 cartilaginis
1190 3519 1263 3576 atque
1279 3509 1382 3560 camis.''
1417 3511 1526 3562 herent.

1027 3583 1053 3634 in
1063 3585 1164 3649 Argum.
1174 3587 1201 3633 in
1210 3587 1337 3634 mallines
1346 3601 1452 3634 euuwau
1463 3595 1503 3634 ert.

1060 3659 1117 3709 707.
1137 3659 1242 3723 Dumque
1258 3661 1290 3708 111
1307 3659 1428 3723 suspirat]
1448 3659 1484 3708 111
1501 3657 1527 3708 in

1027 3733 1121 3783 calamo
1146 3733 1248 3798 suspirat
1271 3733 1366 3798 Syrius,
1388 3733 1427 3782 vel
1450 3733 1528 3800 potius
1576 3757 1580 3772 ·

1028 3809 1089 3867 Pan,
1099 3811 1130 3859 ob
1141 3809 1251 3860 amissam
1263 3808 1410 3876 Nymphaea.

1060 3886 1118 3935 700.
1133 3885 1219 3934 Senum
1235 3895 1333 3943 tenuere,
1343 3885 1440 3950 qualern
1455 3884 1528 3934 hebet

1028 3959 1115 4018 fistula,
1129 3959 1193 4010 unde
1206 3959 1259 4025 ipsa
1271 3957 1409 4016 λεπταλέα,
1419 3969 1444 4010 st
1454 3962 1528 4009 terreis

1027 4033 1125 4084 dicitur.

1061 4111 1117 4160 710.
1134 4108 1283 4172 Concilium]
1307 4107 1526 4158 01116εο611611-

1027 4185 1105 4231 rilr'um
1119 4191 1161 4232 aut
1177 4184 1325 4247 colloquium.
1355 4180 1527 4231 raa-a-Cmee

1029 4256 1147 4306 madebat
1171 4259 1305 4314 conditiore,
1326 4256 1384 4321 quia
1403 4254 1428 4304 iu
1448 4254 1527 4304 fistula

1030 4331 1099 4380 multi
1114 4331 1209 4389 calami,
1219 4341 1334 4397 tanquam
1350 4331 1453 4388 annulis,
1463 4345 1526 4378 coru-

1028 4404 1099 4471 positi
1107 4405 1202 4456 luerint.
1218 4405 1449 4456 Ciolanenduobus
1457 4403 1526 4452 MSS.

1028 4479 1162 4544 proferebat
1182 4483 1312 4538 corallium,
1334 4479 1350 4528 i.
1368 4495 1390 4529 e.
1417 4477 1526 4534 sociatu,

1028 4554 1184 4612 cousuetudo,
1194 4555 1268 4620 quod,
1278 4569 1351 4619 quum
1361 4554 1434 4604 etiam
1445 4553 1469 4602 in
1480 4553 1525 4602 Lo·

1028 4645 1085 4676 ran.
1098 4637 1211 4685 exstaret,
1222 4628 1307 4678 merito
1317 4637 1437 4694 recepturo
1448 4635 1485 4677 est
1495 4627 1525 4675 ab
