3588 6000
429 863 433 874 .
482 822 495 872 1,
528 799 1018 870 METAMORPHOSEON.
1255 807 1300 872 lix

249 981 282 1044 in
304 976 427 1064 prelio,
442 999 542 1062 quum
564 979 714 1042 arborum
736 974 820 1040 mole
839 977 1042 1054 obmeretur,
1061 979 1094 1041 in
1114 997 1203 1042 oven·
1222 999 1296 1044 con·

251 1120 389 1177 versum,
419 1119 517 1182 quam
540 1096 668 1161 omnino
691 1115 833 1180 pugnam
859 1095 1085 1160 Οσπίαιποηηι
1105 1117 1178 1162 cum
1197 1097 1299 1184 Lapi-

251 1216 325 1294 ctu,
336 1237 475 1300 quorum
488 1235 565 1301 pars
580 1213 718 1279 Caeneus
733 1211 847 1278 fuerat.
880 1213 943 1278 His
958 1214 1174 1300 appendicula
1187 1217 1299 1284 addita

251 1333 294 1398 de
307 1333 527 1418 Periclymene
545 1333 578 1396 in
592 1332 733 1417 wallum
750 1331 986 1398 transformato.
1032 1332 1208 1422 Neptunus
1222 1357 1299 1402 vero

254 1451 355 1538 Cycni
373 1461 509 1518 mortem
528 1449 641 1518 dolens
660 1449 806 1516 exoravit
829 1447 1024 1536 Apollinem,
1044 1461 1081 1516 ut
1100 1451 1228 1518 Paridis
1250 1477 1298 1520 sa·

253 1571 366 1656 gittam
379 1571 413 1636 in
427 1569 582 1640 Achillem
595 1569 752 1658 flecteret,
767 1591 833 1655 qua
846 1567 899 1634 ille
912 1569 1019 1656 periit.

297 1688 372 1754 Lib.
389 1688 487 1754 XIII.
512 1688 566 1754 De
585 1687 723 1754 Achillis
743 1688 838 1752 armis
853 1687 945 1774 Ajoc
963 1699 998 1754 et
1018 1688 1149 1775 Ulyarec
1169 1703 1299 1760 conten·

254 1805 362 1882 dunt:‚
381 1827 420 1872 ac
441 1805 526 1872 illius
549 1806 691 1892 quidem,
714 1828 773 1872 sua
794 1807 895 1892 ipsius
917 1829 1013 1874 manu
1033 1808 1204 1888 interfecti,
1228 1831 1300 1878 san-

253 1926 326 2011 guis
340 1926 373 1992 in
386 1926 590 2012 hyacinthum
603 1927 748 2006 vertitur.
787 1923 894 2011 Capta
903 1927 971 2010 jam
985 1925 1100 2012 Troja,
1114 1927 1253 1996 Hecuba
1266 1933 1300 1996 in

253 2043 407 2124 Thracia,
430 2045 487 2111 ubi
507 2043 782 2130 Polymnestorem
805 2047 991 2124 excecavit,
1007 2045 1046 2111 Iit
1068 2047 1166 2111 conia.
1215 2049 1299 2136 Ejus

254 2161 462 2229 infortunium
489 2185 590 2249 quum
618 2165 675 2230 Dii
704 2185 812 2230 omnes
840 2163 1058 2250 deplorarent,
1082 2164 1212 2232 Aurora
1236 2167 1299 2234 alio

254 2279 342 2347 luctu
360 2284 543 2362 tenebatur,
558 2283 737 2350 Memoris
756 2281 876 2348 scilicet
897 2280 966 2359 lilii,
981 2281 1074 2368 cujus
1096 2304 1116 2347 e
1138 2283 1300 2354 cineribus

255 2399 471 2466 Monaedes
488 2423 564 2468 aves
580 2403 781 2488 prodierunt.
818 2381 948 2466 AEaeoe
964 2423 1062 2486 porro
1081 2401 1239 2490 profugus
1256 2406 1298 2471 ad

199 2585 206 2594 ,
255 2516 386 2596 Anium,
401 2521 493 2605 cujus
502 2519 589 2606 filioe
607 2520 641 2584 in
661 2519 820 2584 columbas
840 2531 932 2584 erant
950 2539 1124 2598 conversae,
1145 2533 1220 2606 post
1238 2520 1300 2588 alia

255 2637 406 2722 deinceps
422 2637 494 2704 loca
512 2639 843 2706 transformationibus
858 2637 955 2717 clara,
969 2639 1003 2702 in
1017 2636 1159 2704 Siciliam
1172 2639 1300 2708 delatus

255 2766 316 2832 est,
345 2757 402 2821 ubi
429 2757 552 2842 Scylla,
579 2759 632 2824 cui
659 2757 934 2824 Galateonarrat
957 2757 1147 2844 Polyphemi
1175 2781 1299 2826 mores

124 2943 132 2951 ,
255 2871 432 2962 Acidisque
451 2878 591 2958 obitum;
614 2901 679 2963 quo
694 2877 791 2956 sacto,
811 2878 965 2954 Glaucam,
979 2877 1014 2941 in
1027 2876 1134 2942 Deum
1147 2879 1300 2944 murinum

255 3005 405 3074 mutabis,
419 3008 565 3083 apparet.
1098 3077 1102 3084 .

299 3111 373 3178 Lib.
391 3112 488 3179 XIV.
513 3114 654 3200 Scyllam
668 3113 762 3180 Circe
781 3124 884 3180 mutat
902 3113 935 3177 in
951 3121 1129 3178 moranum.
1175 3113 1300 3182 AEueas

256 3240 362 3296 sutem
381 3230 413 3294 in
428 3229 573 3297 Aliicam
587 3233 686 3308 venit,
699 3232 757 3296 ubi
776 3253 850 3297 eum
865 3231 955 3295 Dido
974 3231 1105 3315 excipit.
1151 3230 1300 3300 Tandem

255 3361 302 3426 ut,
322 3348 514 3416 Pithecusas
536 3361 778 3437 praetervectus,
795 3351 852 3416 ubi
874 3349 1031 3437 Cerccpes
1053 3373 1095 3416 ex
1117 3349 1300 3418 hominibus

257 3471 289 3533 in
309 3470 421 3533 simios
445 3470 570 3548 mutati,
591 3471 625 3534 in
649 3467 743 3535 Italia
768 3467 904 3556 appulit,
930 3468 963 3532 in
986 3467 1142 3533 Caietano
1167 3467 1259 3536 litore
1281 3493 1300 3536 e

258 3587 411 3653 Macareo
424 3587 525 3652 multa
539 3588 580 3654 de
602 3587 718 3674 Ulycae
731 3599 828 3674 atque
846 3589 957 3652 Circes
964 3585 1118 3652 veneficio
1133 3589 1301 3674 comperit,

258 3728 322 3792 quo
341 3707 437 3771 etiam
452 3707 552 3772 Picue
572 3731 631 3774 rex
650 3709 682 3773 in
699 3709 809 3795 picum
828 3729 918 3774 avem
934 3717 1074 3772 mutatus
1094 3716 1172 3772 erat.
1218 3705 1302 3773 Mox

258 3823 374 3889 bellum
386 3846 460 3890 cum
477 3825 582 3889 Turno
597 3826 739 3911 suscipit.
774 3825 808 3890 Is
819 3847 918 3912 quum
928 3847 989 3911 per
999 3822 1162 3890 Venulum
1176 3836 1304 3910 peteret

258 3943 410 4010 auxilium
423 3967 444 4008 a
454 3945 621 4023 Diomede,
633 3948 726 4032 cujus
738 3946 818 4011 socii
832 3947 864 4010 in
878 3950 954 4010 oves
968 3954 1060 4010 erant
1074 3942 1301 4024 transformati,

244 4063 418 4152 ‘repulsam
437 4062 530 4128 tulit:
554 4066 710 4130 redeunte
731 4063 861 4130 Venulo
883 4085 944 4149 per
965 4084 1005 4127 ea
1022 4059 1104 4139 loca,
1129 4061 1162 4124 in
1185 4063 1301 4146 quibus
1422 4110 1425 4116 ·

258 4181 405 4267 Appulus
415 4193 525 4267 pastor
533 4183 695 4267 quondam
709 4183 742 4246 in
756 4182 924 4246 oleastrum
938 4200 1110 4246 conversus
1123 4190 1202 4243 erat.
1237 4178 1302 4245 Po-

260 4309 327 4363 stea
343 4299 462 4366 AEneae
483 4323 579 4367 naves
599 4303 761 4390 Nymphae
785 4301 870 4368 fiunt
892 4301 926 4365 in
950 4297 1072 4385 praelio,
1096 4297 1179 4364 sicut
1202 4308 1301 4362 etex

258 4415 385 4494 Ardere,
401 4419 490 4483 urbis
504 4419 653 4484 incendio
666 4418 794 4496 deletae,
809 4417 969 4483 cineribus
984 4419 1084 4481 ardeo
1098 4417 1182 4494 avis;
1205 4426 1302 4501 atque
1436 4488 1439 4496 ,

259 4535 386 4600 AEaeas
410 4537 443 4600 in
465 4535 571 4602 Deum
593 4538 721 4619 transit.¹
763 4535 994 4602 Successerunt
1018 4535 1094 4600 huic
1118 4555 1211 4618 reges
1237 4531 1302 4610 alii,

257 4675 392 4736 quorum
415 4655 499 4718 inter
522 4665 656 4720 caeteros
680 4657 741 4720 sub
760 4654 871 4720 Phoco
896 4655 1004 4720 floruit
1027 4653 1186 4727 Pomorum·
1207 4673 1302 4738 quam
