3588 6000
440 695 505 762 lviii
717 757 721 764 ,
834 715 837 720 “
879 689 1047 770 SEROES

444 929 449 941 ,
486 867 561 948 Lib.
577 867 640 934 Xl.
664 867 750 934 Hinc
771 867 920 932 Thracica
930 864 1074 928 mulieres
1084 883 1183 948 quum
1194 862 1332 956 Orphea
1346 864 1488 954 discerp-

442 989 569 1066 sissent,
583 997 737 1075 mene,
747 987 804 1072 qui
818 1009 854 1052 os
869 987 939 1072 ejus
950 985 1095 1070 petebat,
1106 983 1139 1046 in
1153 983 1291 1068 lapidem
1305 993 1441 1080 mutat03
1455 983 1488 1046 in

442 1107 573 1172 arbores
587 1127 748 1173 conversa
764 1115 839 1169 sunt
859 1126 879 1168 a
900 1101 1045 1178 Baccho,
1060 1103 1128 1185 qui,
1142 1099 1266 1178 relicta,
1282 1099 1489 1172 obinterfec·

441 1233 512 1290 tum
524 1235 640 1299 ratem,
656 1221 810 1300 Thracia,
824 1222 857 1286 in
880 1220 1055 1305 Phrygiam
1075 1241 1110 1284 se
1130 1218 1276 1297 contulit,
1291 1221 1349 1288 ubi
1363 1220 1487 1297 Midas,

443 1340 706 1428 cuiproSileno
727 1341 877 1440 restituto
898 1340 970 1404 anni
990 1338 1115 1430 minan
1131 1337 1217 1404 fecit.
1264 1338 1367 1425 Cujus
1389 1361 1487 1423 quum

442 1460 530 1526 illum
544 1461 729 1548 poeniteret,
743 1462 777 1526 in
788 1457 1022 1528 Pactololotus
1037 1481 1153 1524 armans
1166 1460 1237 1545 ejus
1251 1481 1369 1523 aurens
1382 1459 1489 1524 reddi-

443 1580 502 1672 dit.
538 1577 658 1644 Postea
675 1577 823 1652 Phoebus
837 1599 898 1664 pro
913 1577 1023 1660 iniquo
1034 1571 1158 1661 judicio
1173 1599 1269 1641 aures
1286 1573 1333 1641 illi
1346 1577 1488 1641 caim

444 1697 565 1764 tribuit.
611 1697 802 1775 Quolacto,
817 1697 953 1781 Trojam
966 1694 1132 1779 profectus
1148 1692 1280 1780 Apollo,
1295 1694 1489 1760 Lcmnedoa-

443 1825 504 1896 tcm
532 1837 640 1897 muros
665 1815 827 1900 Trojanos
855 1823 1075 1880 exstruentem
1102 1813 1236 1899 adjuvit.
1281 1811 1395 1878 Filiam
1419 1816 1489 1899 ejus

444 1933 618 2011 Heaoaea,
643 1956 722 1999 saxo
750 1932 922 2019 alligatam,
948 1930 1097 1996 liberavit
1119 1929 1292 2008 Hercules,
1318 1933 1490 2018 conjugem

444 2063 551 2118 autem
585 2053 679 2119 duxit
713 2055 872 2130 Telamon,
901 2049 1173 2137 quemadmodum
1202 2049 1317 2114 Peleus
1343 2048 1489 2118 Thetide

443 2171 674 2238 transformem.
702 2171 751 2246 =,Is
770 2173 812 2238 ad
830 2171 969 2256 Ceycem
991 2167 1304 2254 posteaprofectus,
1324 2167 1490 2236 Dcdclic

443 2315 512 2356 nem
530 2291 563 2356 in
583 2291 778 2377 accipitrem,
794 2303 827 2358 et
845 2292 952 2377 lupum
971 2290 1005 2354 in
1024 2297 1358 2364 secumconvcrsum,
1373 2287 1489 2372 partim

443 2407 657 2486 intellexerat,
672 2411 788 2494 partim
810 2411 880 2496 ipse
894 2409 1030 2476 viderat.
1069 2405 1137 2470 Sed
1154 2406 1247 2489 Ceyx
1263 2405 1296 2470 in
1315 2405 1429 2470 itinere
1448 2406 1490 2470 ad

445 2524 610 2592 oraculum
625 2526 768 2594 Clarium
788 2539 941 2614 suscepto
954 2527 1053 2614 periit
1067 2524 1244 2610 naufragio.
1290 2522 1421 2590 Accidit
1435 2525 1491 2590 de-

444 2645 530 2724 inde,
551 2655 588 2709 ut
607 2644 789 2731 Halcyone,
808 2647 922 2711 marito
940 2655 1016 2729 post
1035 2641 1238 2728 naufragium
1261 2642 1322 2706 sub
1339 2641 1491 2727 Mospiei

444 2761 551 2848 figura
567 2763 751 2841 ,secundum
768 2765 909 2858 quietem
932 2772 1118 2856 conspecto,
1138 2763 1173 2826 in
1192 2761 1367 2852 halcyoncn
1388 2783 1489 2838 avem,

445 2881 527 2945 sicut
541 2889 574 2944 et
589 2881 731 2962 maritus,
747 2893 936 2950 mutaretur.
975 2882 1068 2956 Quos
1082 2859 1225 2947 volantes
1236 2903 1337 2965 quum
1351 2881 1492 2946 animad-

444 2999 615 3064 vertissent
638 3000 780 3084 quidam,
803 3001 969 3078 AEcncam‚
991 3000 1111 3066 Priami
1133 2999 1245 3076 filium,
1268 2998 1430 3084 quondam
1458 2999 1492 3063 in

445 3137 596 3202 magam,
610 3117 668 3200 qui
682 3127 750 3182 tarm
764 3117 846 3184 forte
862 3119 986 3195 aderat,
1000 3118 1171 3198 meminere
1186 3104 1454 3192 transsonnatum.

461 3304 465 3314 ,
490 3231 565 3298 Lib.
580 3233 662 3298 ΧΠ.
687 3233 775 3312 Huic
798 3247 866 3300 tum
886 3235 1036 3304 Priamus
1057 3245 1162 3321 pater,
1183 3247 1335 3319 tanquam
1353 3245 1492 3314 mortuo,

390 3413 391 3418 ,
447 3352 617 3438 exsequias
631 3351 708 3420 fecit
720 3377 786 3420 una
800 3377 872 3422 ciam
885 3355 971 3433 filiis,
986 3367 1125 3442 excepto
1139 3355 1273 3430 Paride,
1283 3353 1340 3438 qui
1355 3355 1388 3418 in
1399 3353 1494 3419 Grae·

447 3472 530 3556 ciam
551 3471 718 3556 profectus
741 3472 902 3552 Helenam
926 3475 1044 3561 rapuit.
1091 3473 1271 3564 Raptorem
1293 3473 1395 3537 secuti
1417 3485 1493 3539 sunt

449 3588 571 3666 Graeci,
585 3601 757 3675 postquam
771 3590 905 3670 Aulide,
916 3602 1060 3680 serpente
1074 3592 1215 3680 quodam
1229 3593 1261 3656 in
1275 3592 1412 3680 lapidem
1425 3616 1494 3658 mu·

449 3717 528 3786 tato,
543 3708 683 3774 Dianam
701 3710 828 3796 placare
842 3711 1010 3804 vplueraut
1024 3711 1203 3799 Iphigenia,
1216 3708 1335 3788 oblata,
1350 3713 1404 3775 cui
1417 3733 1494 3776 vero

449 3837 580 3890 mutatae
598 3827 673 3893 Dea
692 3831 1012 3912 substituitcerpam.
1057 3827 1193 3913 Trojani
1212 3849 1312 3912 quum
1332 3827 1417 3896 fama
1438 3829 1495 3893 ad·

450 3953 582 4008 ventum
607 3944 1055 4034 Graecorumcognovissent,
1074 3945 1264 4014 armatieos
1293 3955 1493 4031 exspectant.

452 4059 561 4126 Primo
573 4063 682 4146 ¹statim
697 4087 872 4150 congressu
883 4068 1026 4153 ,Cycnus
1041 4066 1083 4130 ab
1098 4062 1226 4130 Achille
1243 4077 1341 4149 super
1354 4063 1495 4149 lapidem

452 4189 597 4257 necatus,
613 4185 808 4258 convertitur
831 4209 851 4250 a
874 4186 1031 4271 Neptuno
1050 4185 1084 4248 in
1102 4182 1260 4274 nnemsui
1279 4182 1423 4262 nominis.
1441 4243 1444 4249 ,
1460 4182 1494 4248 Is

452 4309 571 4375 autem,
587 4299 643 4383 qui
664 4299 727 4374 telo
738 4301 834 4376 ¹nullo
848 4303 958 4368 violari
977 4312 1137 4388 potuerat,
1152 4301 1185 4366 in
1199 4299 1343 4365 convivio
1359 4299 1494 4366 heroum

453 4415 588 4482 Nestori
610 4419 643 4482 in
672 4421 854 4488 memoriam
879 4425 1051 4490 revocabat
1066 4435 1140 4510 ⁴tam
1167 4419 1496 4510 camelianum·

452 4534 549 4601 bilem
566 4548 598 4602 et
618 4537 732 4626 ipsum,
749 4550 845 4630 atque
859 4544 997 4628 primum
1017 4566 1035 4610 e
1053 4541 1168 4608 femina
1183 4543 1216 4606 in
1234 4561 1361 4616 mrem,
1377 4539 1494 4606 deinde
