3588 6000
408 817 478 886 DE
501 814 668 912 OPERE
690 811 1185 884 METAMORPHOSEON.
1246 815 1325 883 x'xiii

271 1003 354 1071 rent,
374 993 407 1058 in
430 991 550 1078 quibus
574 987 696 1066 Boeus,
715 987 808 1072 cujus
824 985 1066 1072 Ornithogonia
1085 987 1119 1052 id
1139 989 1269 1074 agebat,
1285 999 1323 1054 ut

273 1133 348 1177 aves
362 1132 474 1179 omnes
488 1109 591 1174 ls'ctss
605 1127 677 1172 esse
691 1127 734 1170 ex
748 1094 933 1168 hominibus
948 1098 1164 1170 ostenderetis.

315 1228 384 1294 Sed
412 1227 514 1294 multo
542 1226 646 1311 majus
675 1221 978 1310 memorabiliusque
1007 1245 1092 1309 opus
1119 1224 1249 1292 molitus
1275 1237 1326 1292 est

274 1345 425 1412 Ovidius.
471 1343 504 1410 Is
525 1342 611 1410 enim
627 1351 716 1408 recte
730 1341 822 1419 vidit,
838 1340 957 1408 fabulis
976 1339 1038 1408 illis
1056 1344 1089 1408 in
1106 1365 1141 1410 se
1161 1345 1325 1424 tenuibus,

272 1486 421 1551 magnam
443 1463 540 1529 etiam
562 1470 689 1547 partem
711 1459 830 1546 ineptis
852 1469 951 1545 atque
973 1461 1135 1540 absurdis,
1157 1439 1327 1529 illecebras

274 1605 346 1650 esse
366 1580 584 1678 conciliandas
603 1602 624 1644 a
644 1601 781 1664 poeseos
801 1581 1008 1659 ornamentis,
1026 1603 1046 1646 a
1065 1579 1254 1650 collectione
1274 1575 1328 1650 ea·

272 1724 356 1779 rum,
370 1701 430 1766 nisi
443 1699 596 1777 omnium,
611 1707 701 1763 certe
715 1695 939 1784 plurimarum,
952 1698 987 1762 in
1000 1719 1100 1764 unum
1114 1720 1244 1786 corpus,
1259 1710 1295 1767 et
1307 1723 1328 1766 a

271 1818 422 1886 leudibus
437 1817 586 1884 Deorum
599 1799 801 1900 heroumque
815 1815 1025 1901 interpositis.
1039 1809 1041 1815 ⁸
1060 1816 1101 1882 ld
1115 1827 1224 1884 sutem
1235 1829 1327 1886 tanto
1393 1843 1403 1858 ⁸

272 1937 402 2024 ingenio
419 1947 575 2022 tantaque
594 1943 664 2000 arte
681 1932 802 2011 effecit,
817 1943 855 1999 ut
873 1933 1237 2002 suavissime‘bonarum
1255 1928 1327 2030 lite·

273 2077 381 2120 rarum
403 2055 566 2119 studiosos
586 2051 629 2118 ad
648 2051 926 2137 metamorphoses
949 2054 1192 2137 cognoscendas
1214 2055 1328 2122 invitet

274 2185 464 2258 teneatque3
488 2173 567 2260 quin
587 2173 682 2252 adeo,
698 2182 746 2250 ut,
762 2193 802 2236 eo
821 2169 949 2235 nomine
969 2170 1094 2248 audito,
1110 2170 1249 2238 Ovidius
1263 2183 1327 2238 sta-

274 2294 341 2370 tim,
356 2301 509 2378 tanquam
522 2313 608 2357 unus
622 2311 734 2356 earum
747 2298 872 2366 auctor,
887 2298 1047 2354 occurrat.
1078 2288 1222 2368 Etenim,
1237 2291 1327 2377 quod

272 2407 411 2499 primum
430 2422 491 2489 est,
510 2412 695 2510 innumeros
714 2409 813 2496 hujus
833 2407 962 2495 generis
977 2405 1118 2492 mythos,
1133 2418 1215 2492 quot
1232 2430 1326 2475 nemo

273 2529 356 2596 lorte
367 2539 442 2594 ante
456 2551 541 2607 eum,
556 2530 701 2614 undique
716 2525 890 2612 decerptos
905 2523 1046 2610 collegit,
1091 2525 1211 2612 Neque
1227 2549 1328 2614 opera

273 2649 344 2734 ejus
363 2649 446 2713 intra
465 2637 781 2733 metamorphoseon,
802 2667 876 2731 quse
894 2645 1027 2732 proprie
1047 2646 1092 2710 sic
1112 2645 1276 2724 dicuntur,
1291 2645 1328 2712 li·

273 2767 366 2832 mites
383 2766 538 2843 substitit,
554 2767 612 2831 sed
632 2767 699 2831 sive
718 2765 927 2852 plenitudinis
946 2786 1056 2842 ceusu,
1072 2765 1138 2830 sive
1159 2786 1325 2852 cosmogo·

273 2883 342 2950 nias
363 2881 556 2948 Graecorum
574 2883 762 2968 respiciens,
785 2885 819 2949 in
838 2884 1016 2970 primordio
1039 2885 1148 2970 operis
1170 2885 1326 2969 originem

274 3003 397 3080 mundi,
417 3003 612 3068 creationem
631 3003 782 3081 hominis,
805 3003 1040 3070 successionem
1062 2989 1205 3079 oetetum,
1221 3013 1327 3068 ortum
1422 3077 1427 3086 ‚

274 3121 482 3186 animantium
499 3143 542 3187 ex
559 3120 645 3199 limo,
661 3133 694 3188 et
710 3121 796 3187 libro
812 3132 959 3188 extremo
973 3118 1075 3186 multa
1092 3141 1111 3185 e
1129 3106 1328 3206 Pythagorae

276 3235 401 3324 placitis
422 3239 588 3304 adsumsit.
635 3237 734 3304 Unde
748 3241 826 3304 vero
846 3237 972 3324 singula
990 3237 1149 3315 hauserit,
1163 3261 1263 3324 quum
1278 3249 1328 3304 tot

144 3375 147 3382 ·
273 3354 346 3421 libri
370 3355 514 3441 mythici,
538 3366 587 3422 tot
610 3357 707 3422 etiam
730 3358 848 3421 artium
871 3367 1088 3434 monumenta,
1109 3377 1185 3441 quas
1207 3357 1327 3441 passim

275 3475 317 3540 ab
336 3497 376 3540 eo
394 3497 551 3561 expressa
565 3477 727 3555 videntur,
743 3477 909 3562 perierint,
927 3475 1146 3541 certodicere
1166 3497 1232 3540 nou
1254 3497 1328 3560 pos·

275 3615 394 3658 sumus.
442 3593 558 3680 ltaque
575 3616 636 3660 uec
653 3604 791 3674 constat,
807 3605 916 3662 utrum
936 3595 1008 3680 ipse
1026 3592 1147 3679 aliquid
1162 3594 1196 3658 in
1211 3591 1328 3659 fabulis

273 3711 439 3776 novaverit
473 3711 714 3797 addideritque,
744 3735 787 3820 pn
815 3712 1007 3778 Graecorum
1043 3722 1168 3777 tantum
1193 3713 1328 3799 vestigia

275 3831 441 3915 presserit·
487 3831 673 3918 Ccnjiciunt
700 3831 857 3911 nonnulli,
882 3831 1024 3897 fabulam
1054 3831 1096 3896 de
1126 3829 1266 3916 Pyramo
1294 3840 1328 3898 et

274 3947 413 4027 Thisbe,
430 3929 499 4013 tum
519 3948 654 4014 alteram
672 3949 714 4014 de
730 3948 921 4014 Philemone
935 3959 969 4014 et
984 3947 1142 4028 Baucide,
1157 3959 1328 4033 utramque

274 4064 369 4152 longe
394 4066 626 4144 suavissimam,
652 4077 750 4154 atque
772 4068 870 4132 etiam
896 4066 938 4132 de
963 4066 1105 4132 Sidoniis
1130 4066 1209 4132 Inus
1231 4063 1329 4132 comi·

275 4183 359 4248 tibus
378 4183 629 4269 appendiculam
655 4186 697 4250 ab
724 4185 796 4271 ipso
820 4191 891 4252 esse
914 4186 1040 4264 fictam3
1066 4186 1124 4251 sed
1147 4185 1235 4251 nulle
1257 4181 1328 4271 'ejus

276 4303 470 4387 conjectures
495 4323 594 4368 causa
617 4303 713 4370 reddi
741 4314 851 4390 potest
877 4303 1064 4388 probabilis.
1120 4304 1195 4370 Hoc
1221 4283 1328 4370 autem

275 4419 429 4497 videmus,
446 4418 526 4486 nihil
547 4423 579 4486 in
595 4421 659 4488 hoc
676 4443 796 4508 genere
815 4422 1020 4488 memorabile
1037 4423 1079 4487 ab
1094 4445 1134 4488 eo
1154 4443 1224 4488 esse
1245 4444 1328 4507 prse-

307 4601 319 4634 ὓ
335 4604 396 4654 l'ide
408 4605 550 4656 Msllmaani
558 4609 693 4658 comment.
704 4608 734 4658 de
746 4607 824 4658 causis
836 4606 1007 4659 structoribus
1019 4608 1178 4659 narrationum
1189 4607 1220 4658 de
1231 4607 1329 4658 mutatis

276 4683 362 4735 formu.
