3552 5984
371 855 439 920 DE
463 851 630 918 OPERE
654 851 1149 922 METAMORPHOSEON.
1208 861 1287 924 xxxi

233 1027 313 1092 curii
328 1025 539 1091 ministerium
553 1037 587 1089 et
601 1035 761 1101 ornatum,
778 1025 897 1091 Dianae
908 1026 1025 1092 choros
1040 1040 1074 1093 et
1089 1029 1286 1108 venationes,

234 1147 357 1213 Bacchi
381 1147 520 1222 nomina,
536 1167 588 1212 res
608 1157 717 1231 gestas
737 1155 771 1210 et
793 1167 895 1222 sacra,
911 1145 1071 1211 Minervas
1090 1147 1124 1211 in
1146 1148 1288 1214 texendo

233 1264 468 1341 excellentiam,
484 1264 622 1329 Latonae
636 1283 765 1329 errores
780 1273 814 1327 et
828 1263 997 1339 vindictas,
1014 1264 1186 1348 Cupidinis
1201 1289 1290 1330 anna

234 1395 267 1448 et
290 1385 481 1468 potentiam,
505 1381 655 1448 Plutonis
678 1382 848 1467 imperium
872 1381 906 1443 in
927 1379 1059 1456 inferos,
1084 1367 1290 1468 Proserpina

234 1503 311 1578 lata,
339 1501 546 1588 Neptunum,
577 1500 699 1566 Protea
727 1499 926 1584 ambiguum,
956 1519 1109 1563 canorum
1137 1499 1288 1580 Tritona,

233 1618 403 1684 Musarum
420 1629 546 1694 cantus,
560 1616 708 1682 Telluris
728 1616 864 1692 fructus,
880 1615 1079 1700 Tisiphones
1099 1617 1232 1683 formam
1256 1633 1290 1685 et

234 1757 403 1812 venenum,
420 1736 515 1802 laidis
536 1757 667 1821 quoque
683 1733 892 1820 AEgyptiacae
911 1755 1074 1819 pompam.
1120 1734 1290 1803 Prodeant

235 1855 293 1918 viri
312 1867 346 1918 et
364 1853 493 1930 heroes,
509 1875 591 1938 quos
609 1851 786 1936 antiquitas
806 1850 922 1915 habuit
945 1849 1182 1930 celeberrimos,
1198 1853 1290 1920 Deu-

236 1970 351 2048 calion,
372 1971 507 2048 Chiron,
524 1969 754 2064 ,AEsculapiua
776 1969 919 2033 Cadmus
942 1991 1016 2034 cum
1035 1972 1113 2047 suis,
1133 1969 1290 2051 Tiresias,
1373 1975 1380 1992 ‘

152 2085 156 2093 ’
236 2089 385 2166 Perseus,
404 2088 520 2165 deson,
536 2087 701 2164 Theseus,
720 2085 843 2162 Minos,
867 2083 1038 2163 Daedalus,
1053 2087 1288 2174 Triptolemus,

236 2206 415 2295 Meleager,
439 2205 613 2284 Hercules,
631 2205 800 2292 Orpheus,
821 2204 979 2283 Achilles,
1002 2205 1147 2291 Ulysses,
1167 2208 1290 2295 Pytha·

234 2349 340 2411 goras,
371 2326 509 2404 AEneas,
539 2324 713 2401 Romulus,
742 2323 865 2400 Numa,
895 2346 1032 2408 quorum
1060 2326 1202 2392 omnium
1238 2351 1290 2394 res

234 2443 381 2531 plurimae
405 2458 441 2511 ct
465 2444 579 2511 laudes
605 2457 663 2510 aut
684 2445 815 2510 brevius
841 2445 1057 2530 attinguntur,
1083 2457 1140 2510 aut
1168 2447 1290 2533 ingenii

234 2561 365 2628 flumine
395 2575 518 2628 ornatae
547 2561 766 2647 explicantur.
815 2561 994 2639 Notantru,
1018 2585 1092 2647 quae
1121 2565 1155 2629 iu
1183 2566 1289 2630 animo

233 2680 376 2748 humano
398 2692 485 2759 sunt,
506 2682 655 2748 adlectus
677 2692 844 2766 paternus,
860 2693 1035 2760 metemus,
1050 2681 1224 2760 fraternus,
1239 2708 1290 2750 so·

236 2801 351 2878 rarius,
366 2823 456 2866 amor
478 2809 599 2876 castus,
619 2801 773 2876 incestus,
789 2797 975 2876 sceleratus,
991 2801 1041 2864 sui
1059 2801 1172 2885 ipsius,
1186 2799 1289 2867 libido

236 2921 357 2998 firmus,
383 2919 494 3006 plures
520 2919 641 2986 doloris
671 2931 705 2984 et
733 2919 840 2984 luctus
865 2919 999 3004 gradus,
1022 2917 1218 3004 desperatio,
1241 2921 1289 2984 in-

235 3041 335 3116 sauia,
354 3040 414 3116 irs,
434 3037 612 3104 ulciscendi
638 3037 793 3113 studium,
813 3036 945 3111 invidia,
968 3034 1154 3112 crudelitas,
1177 3037 1289 3122 impie·

235 3168 294 3234 tas,
318 3157 435 3242 pietas,
450 3156 654 3232 innocentia,
673 3153 872 3240 simplicitas,
892 3152 1108 3238 hospitalitas,
1128 3153 1288 3233 mollities,

235 3271 403 3349 fortitudo,
419 3284 488 3338 tum
508 3295 630 3359 pugnae
649 3282 683 3337 et
698 3271 855 3337 tumultus
869 3273 1031 3336 variorum
1050 3272 1237 3338 adfectuum
1255 3275 1289 3338 in

235 3371 352 3456 auimo.
397 3389 496 3456 Adde
517 3391 625 3456 studia
645 3389 821 3466 hominum,
837 3388 935 3468 bella,
951 3389 1075 3474 praelia,
1090 3393 1288 3470 venationes,

236 3521 320 3574 artes
344 3509 538 3592 (tentorium,
560 3509 735 3584 fatidicam,
756 3509 929 3585 nauticam,
952 3509 1167 3594 piscatoriam,
1189 3511 1291 3595 magi-

235 3629 328 3710 cam,)
347 3625 450 3704 lusus,
471 3627 568 3702 rixas,
590 3625 739 3702 lotiones,
761 3627 904 3712 nuptias,
925 3627 1081 3704 convivia,
1103 3628 1289 3705 certamina,

236 3747 310 3809 item
336 3765 411 3830 quae
433 3744 473 3808 iis
495 3741 546 3808 vel
572 3743 776 3827 contingunt,
797 3741 849 3808 vel
873 3744 1036 3820 accidunt,
1060 3756 1117 3809 aut
1135 3768 1155 3810 a
1173 3753 1290 3811 natura

236 3865 357 3928 tributa
380 3873 468 3938 sunt,
486 3860 653 3937 diluvium,
672 3870 808 3946 pestem,
830 3859 958 3937 famem,
977 3883 1134 3938 somnum,
1155 3863 1289 3941 somnia,

235 3991 471 4066 paupertatem,
491 4003 590 4064 opum
612 3980 857 4057 abundantiam,
877 3978 1131 4058 dilaniationem,
1146 3982 1290 4067 discerp-

236 4101 354 4165 tionem
378 4101 615 4176 membrorum,
646 4099 864 4187 nauhagium,
895 4099 980 4166 mille
1013 4101 1124 4165 mortis
1157 4122 1287 4185 genera.

237 4219 366 4285 Partem
395 4219 504 4286 adhuc
533 4241 641 4286 rerum
667 4223 889 4306 expositarum
913 4221 1070 4286 recensui.
1116 4218 1289 4284 Accedunt

236 4339 318 4402 enim
334 4337 545 4425 plurimarum
560 4360 680 4416 rerum,
695 4360 777 4423 quas
791 4349 826 4402 et
841 4349 958 4402 natura
972 4336 1119 4422 protulit,
1133 4346 1168 4401 et
1178 4347 1289 4423 poeta·

237 4458 451 4542 tuningenia
464 4457 641 4535 finxerunt,
654 4459 900 4542 descriptiones,
917 4455 1003 4520 sedis
1022 4452 1174 4532 coelestis,
1190 4455 1289 4538 regiae

238 4575 319 4640 Solis
339 4597 413 4641 cum
432 4597 531 4641 curru
550 4575 646 4642 solari
666 4587 701 4642 et
718 4575 821 4662 equis,
837 4573 911 4640 coeli
931 4571 1086 4648 stelliferi,
1102 4571 1288 4649 inferorum,

237 4688 454 4772 aumantium,
469 4694 664 4780 plantarum,
680 4696 847 4770 montium,
859 4693 1041 4768 fluviorum,
1054 4691 1201 4767 fontium,
1213 4713 1289 4756 ven-
