3588 6000
474 779 520 846 oo
685 827 690 834 =
777 777 816 846 P.
841 779 1002 847 OVIDII
1025 779 1239 848 NASONIS
1283 863 1286 869 Ι

475 955 644 1031 Vertitur
670 957 707 1030 in
734 957 924 1055 pecudes:
965 965 1005 1029 et
1031 981 1130 1030 nuuc
1163 980 1316 1056 quoque
1346 957 1528 1055 sanguine

627 1073 781 1170 gaudet.
1454 1078 1530 1147 235

473 1187 520 1262 ln
537 1189 645 1262 villos
660 1190 802 1264 abeunt
818 1198 956 1273 vestes,
976 1188 1013 1260 in
1032 1210 1141 1263 crura
1158 1189 1288 1263 lacerti
1302 1219 1311 1280 ;

473 1305 536 1378 Fit
552 1304 676 1403 lupus,
696 1314 736 1378 et
751 1303 888 1378 veteris
902 1312 1027 1378 servat
1043 1305 1205 1402 vestigia
1220 1305 1369 1394 formae3

437 1473 439 1479 ,
473 1421 642 1496 Canities
660 1423 793 1496 eadem
810 1431 881 1508 est,
901 1421 1035 1496 eadem
1051 1423 1230 1498 violentia
1246 1423 1351 1496 vultu
1367 1451 1375 1511 ;

474 1537 583 1612 Idem
601 1539 699 1612 oculi
718 1539 857 1628 lucent,
878 1540 1012 1614 cadem
1030 1539 1189 1614 feritatis
1207 1541 1344 1636 imago.

473 1653 626 1728 Occidit
639 1679 714 1730 una
726 1657 878 1730 domus:
898 1656 967 1730 sed
980 1680 1055 1730 non
1069 1657 1205 1731 domus
1217 1681 1292 1731 una
1302 1655 1425 1756 perire
1448 1659 1522 1728 240

473 1770 600 1868 Digna
616 1770 706 1862 fuit;
736 1797 812 1872 qua
828 1783 928 1848 terra
944 1783 1061 1873 patet,
1081 1773 1160 1849 fera
1176 1782 1309 1871 regnat
1327 1771 1503 1870 Erinnys.

473 1889 520 1963 In
537 1889 682 1964 facinus
696 1893 844 1990 jurasse
858 1902 990 1991 putes:
1020 1893 1113 1967 dent
1130 1891 1235 1965 ocius
1253 1913 1396 1976 omnes,

474 2005 580 2091 Quas
596 2031 764 2082 meruere
782 2009 860 2107 pati
877 2007 949 2105 (sic
968 2017 1045 2082 stat
1061 2005 1265 2101 sententia)
1280 2003 1449 2106 poenas.’'

523 2122 637 2198 Dicta
653 2123 677 2196 J
680 2123 758 2198 ovis
776 2148 863 2223 pars
881 2149 972 2200 voce
995 2125 1170 2224 probant,
1189 2123 1440 2218 stimulosque
1464 2119 1520 2192 fu-

472 2219 688 2338 Adjieiunl;
717 2239 779 2313 alii
798 2251 923 2338 partes
942 2241 1166 2315 adsensibus
1184 2240 1354 2338 implent
1409 2236 1521 2333 [renti

473 2353 544 2430 Est
561 2367 688 2430 tamen
707 2355 860 2431 humani
878 2359 1032 2456 generis,
1039 2361 1190 2458 jactura
1205 2356 1325 2432 dolori
1447 2357 1522 2426 246

474 2471 676 2546 Omnibus:
706 2482 757 2559 et,
778 2496 864 2569 quae
882 2474 933 2547 sit
947 2485 1068 2562 terroe,
1088 2474 1308 2548 mortalibus
1326 2471 1439 2556 orbae,

472 2585 607 2664 Forma
624 2589 761 2676 futura,
780 2591 937 2688 rogant?
964 2591 1050 2690 quis
1068 2591 1118 2665 sit
1133 2591 1276 2665 laturus
1294 2591 1333 2662 in
1351 2611 1434 2662 aras

471 2851 532 2917 gari,
545 2853 678 2919 cupidinem
688 2853 766 2903 vertit.
799 2855 917 2922 Hocplur
926 2866 971 2915 est,
1021 2866 1072 2907 turn
1093 2865 1137 2906 est.
1170 2854 1247 2921 Apud*
1261 2853 1330 2919 Vrrg.
1350 2855 1407 2902 AEn.
1426 2850 1444 2900 i.
1464 2851 1520 2900 5³2.

473 2943 554 2992 quum,
566 2928 629 2993 quod
640 2927 681 2977 alii
691 2928 788 2986 hebent,
797 2933 875 2978 utitur
880 2949 890 2990 ,-
909 2931 971 2981 indi-
1020 2929 1103 2980 eodem
1114 2938 1190 2997 tropo,
1200 2933 1278 2997 surgit
1288 2929 1408 2978 sententia.

471 3011 512 3050 cat
532 3001 605 3060 enirn,
625 3019 680 3052 sum
697 3003 749 3069 jam
773 3011 828 3052 ante
850 3004 971 3054 crudelem
1053 3007 1110 3054 244.
1132 3006 1276 3062 Pan—alli,
1293 3001 1519 3053 etiamsolum

463 3075 555 3124 ruine.
1021 3079 1091 3129 nonis
1112 3081 1236 3145 scriptores
1254 3087 1347 3128 amant:
1372 3076 1427 3126 vide
1453 3075 1519 3125 cort.

505 3149 563 3199 2³7.
580 3149 683 3213 Sciunt]
701 3149 748 3198 nn
758 3153 861 3216 uestigia,
873 3159 900 3200 ut
910 3151 972 3201 nito·
1022 3153 1053 3202 nd
1062 3154 1159 3204 Sallust.
1168 3153 1241 3204 Catil.
1248 3153 1284 3202 11.
1292 3153 1309 3202 i.
1323 3149 1519 3209 ol'orcoratione3

473 3239 522 3272 reru
539 3223 652 3288 Daphne,
662 3239 712 3273 ver.
724 3225 780 3275 552.
794 3225 898 3290 speciem
914 3241 970 3275 can-
1021 3228 1062 3278 uti
1069 3236 1152 3278 contra
1161 3228 1291 3277 orationem
1299 3223 1440 3276 habentibus
1446 3240 1520 3272 amn-

472 3296 554 3346 didam
568 3298 731 3356 loreum.
765 3299 866 3348 Canities
880 3299 971 3366 proprie
1022 3306 1122 3361 riantur,
1133 3311 1161 3352 nt
1170 3302 1221 3352 fleri
1235 3302 1327 3353 nolebat
1337 3301 1362 3350 in
1376 3307 1459 3348 renutu
1470 3299 1520 3346 Ro·

472 3385 520 3420 non
531 3369 576 3420 nisi
585 3371 720 3421 hominibus
729 3381 754 3422 et
768 3372 836 3438 equis
846 3373 970 3423 tribuitur:
1021 3393 1099 3434 muno,
1110 3377 1151 3426 ubi
1167 3376 1252 3443 triplex
1271 3373 1414 3425 essentiendi
1428 3371 1520 3430 modus,

473 3444 539 3493 Plin.
551 3445 585 3493 H.
595 3445 629 3494 N.
639 3445 672 3494 xi.
683 3446 724 3494 ³7.
756 3445 804 3496 Sed
820 3445 845 3495 h.
856 3447 872 3495 l.
884 3446 971 3496 intelli·
1021 3452 1108 3509 verbis,
1118 3461 1177 3501 nutu
1185 3459 1209 3500 et
1217 3451 1313 3500 sublata
1319 3465 1399 3505 manu,
1406 3445 1519 3514 pedibus:

472 3520 535 3586 gitur
554 3519 618 3569 color
638 3519 752 3578 cinereus,
772 3537 843 3587 quern
868 3521 973 3570 relenmt
1022 3525 1076 3574 vide
1098 3527 1166 3576 Cort.
1187 3523 1218 3573 nd
1236 3525 1334 3574 Sallust.
1351 3520 1425 3572 Catil.
1445 3523 1474 3569 L·
1495 3521 1520 3568 4·

471 3594 525 3644 villi
546 3594 631 3661 lupini.
664 3595 728 3645 Hinc
748 3596 832 3645 πολιοὶ
851 3594 930 3653 λύκοι,
945 3604 973 3646 ut
1022 3600 1129 3650 Stimulos
1138 3601 1245 3663 adibam
1256 3594 1520 3662 magis-etiamnum,

472 3667 537 3736 apud
557 3669 654 3718 Homer.
670 3669 700 3717 ll.
718 3687 741 3718 r.
760 3671 817 3718 3³4.
834 3668 875 3717 ubi
893 3669 972 3718 Schol.
1021 3671 1363 3740 metaphoraabubusducta·
1397 3671 1484 3718 Furere
1495 3678 1520 3716 et

473 3746 563 3804 πολιὸς
582 3745 749 3810 interpretum
768 3740 899 3809 πφρῶδης,
917 3743 933 3792 l.
950 3761 972 3793 e.
1014 3748 1089 3813 furor
1108 3747 1202 3814 proprie
1220 3746 1251 3797 de
1267 3746 1346 3796 iratis:
1363 3744 1417 3794 vide
1437 3745 1519 3793 Burm.

472 3820 588 3890 cinereus.
610 3819 679 3868 Oculi
690 3817 739 3884 lupi
750 3820 823 3868 etiam
833 3816 858 3865 in
869 3817 972 3868 tenebris
1021 3822 1068 3872 Sed
1090 3837 1133 3872 nec
1154 3822 1197 3872 illa
1215 3820 1323 3879 irritatio,
1344 3835 1388 3870 nec
1409 3817 1517 3877 formuln,

472 3895 558 3943 luceat.
1021 3911 1070 3961 qua
1086 3912 1197 3963 expressa
1213 3904 1257 3954 est,
1268 3895 1326 3945 satir
1339 3895 1412 3960 digua
1426 3893 1519 3942 videtur

504 3968 561 4015 241.
578 3966 869 4032 FernregmtErinnyr.]
888 3967 971 4016 Homi-
1020 3970 1087 4019 Joris
1100 3971 1233 4038 majestate.
1267 3971 1350 4019 Partes
1362 3965 1518 4032 implentad·

473 4058 516 4091 nes
535 4041 617 4090 furunt
636 4039 765 4107 impietate.
807 4041 884 4090 Furia
908 4041 972 4091 enirn
1021 4043 1082 4094 dunt
1103 4061 1128 4094 se
1148 4045 1255 4111 partibus
1274 4044 1326 4110 ejus
1344 4043 1445 4094 adsensu
1467 4057 1518 4090 suo.

472 4115 579 4166 homines
587 4115 613 4164 in
623 4115 725 4164 furorem
735 4125 760 4164 et
769 4117 795 4164 in
806 4116 897 4166 scelera
907 4131 972 4166 com·
1021 4119 1077 4177 Sed,
1088 4127 1115 4168 ut
1125 4119 1159 4178 lit,
1166 4128 1241 4168 restat
1249 4119 1382 4184 scrupulus,
1393 4131 1465 4182 quem
1472 4115 1521 4168 sibi

470 4189 573 4258 pellunt.
601 4189 704 4254 Erinnys
721 4187 828 4240 ἀπὸτοῦ
843 4189 971 4256 lpwvdnv,
1021 4191 1237 4243 eximendumJovi
1251 4200 1392 4258 proponunt.
1425 4190 1467 4238 Est
1482 4199 1518 4238 tn·

474 4267 505 4315 ab
523 4263 655 4322 irascendo,
670 4263 749 4314 dicta:
768 4265 931 4314 Permisit.
945 4283 969 4330 p.
1019 4281 1069 4315 nest
1085 4268 1180 4316 bamam
1193 4268 1283 4332 generis
1291 4269 1399 4328 jactura.
1431 4263 1518 4312 Scribit

471 4343 528 4391 649.
546 4339 695 4404 Fernrrgnnt
704 4339 814 4403 Erinnys.
832 4339 909 4388 Plena
915 4350 971 4388 sunt
1019 4339 1089 4388 Plato
1099 4340 1178 4389 omnin
1193 4339 1313 4390 hominnm
1325 4354 1398 4388 causa
1409 4353 1517 4403 procrea·

470 4411 550 4465 omnia
559 4412 685 4462 scelerum.
706 4412 890 4478 DeErinnybus
901 4413 970 4463 Fuso.
1020 4422 1058 4475 ta;
1075 4413 1182 4463 homines
1196 4423 1291 4480 propter
1301 4413 1375 4468 Deos,
1386 4419 1413 4460 ut
1424 4411 1447 4460 hi
1462 4425 1517 4476 cog·

468 4488 576 4546 Natalis,
586 4487 630 4537 lib.
642 4486 676 4535 iii.
686 4503 739 4552 cap.
750 4504 774 4536 x.
802 4487 900 4536 Eredern
915 4498 970 4538 sunt
1020 4498 1155 4547 noscantur,
1166 4491 1197 4538 ab
1212 4489 1247 4538 eis
1263 4488 1419 4553 implorentur
1436 4496 1461 4536 et
1477 4502 1517 4536 co-

471 4566 559 4620 Furioe,
573 4563 716 4618 Eumuidrr,
728 4563 853 4626 Erinnyer.
1020 4565 1106 4614 lantnr.

505 4641 561 4688 243.
582 4638 633 4686 Stat
648 4636 779 4700 sententio]
797 4634 969 4686 Certodecre·
1021 4677 1023 4682 .
1052 4639 1109 4688 248.
1126 4638 1184 4693 Qun
1199 4641 1228 4687 rit
1240 4635 1408 4699 nemmem]
1430 4635 1518 4684 Priscis
