3450 5998
453 713 519 780 272
747 717 785 780 P.
810 712 972 782 OVIDII
996 713 1210 782 NASONIS

456 885 649 962 Immunes
667 913 823 988 operum
840 891 1024 978 dominas,
1043 890 1280 986 famulasque
1298 911 1463 972 suorum,

456 1005 619 1080 Pectora
635 1007 734 1104 pelle
751 1007 841 1103 tegi,
860 1007 1019 1082 crinales
1038 1007 1181 1082 solvere
1198 1005 1322 1094 dhes,
1480 1006 1503 1076 6

458 1123 569 1196 Serta
585 1125 716 1211 comis,
730 1123 904 1198 manibus
921 1123 1140 1198 frondentes
1159 1145 1307 1197 sumere
1324 1122 1489 1220 thyrsos

425 1335 429 1344 ,
455 1237 480 1311 J
482 1249 630 1314 usserat
640 1267 650 1330 ;
680 1250 721 1314 et
737 1263 876 1316 smvam
892 1239 972 1316 lassi
986 1239 1065 1316 fore
1082 1239 1247 1314 numinis
1264 1238 1357 1312 iram

456 1353 693 1430 Vaticinatus
712 1366 813 1431 erat:
842 1366 977 1455 parent
992 1368 1209 1453 matresque
1227 1377 1441 1452 nurusque;

457 1469 660 1572 Telasque,
676 1473 923 1570 calathosque
936 1471 1152 1569 infectaque
1167 1495 1286 1571 pensa
1300 1479 1502 1569 reponunt3

456 1586 635 1687 Turaque
651 1589 744 1663 dant
754 1617 763 1680 ;
794 1588 1065 1688 Bacchumque
1079 1597 1215 1663 vocant
1234 1586 1505 1685 Bromiumque

609 1703 853 1810 Lyaeumque,
1316 1705 1502 1800 [matrem.

458 1819 770 1921 Ignigenamque‚
803 1832 1004 1920 satumque
1037 1821 1186 1908 iterum,
1217 1820 1414 1919 solumque
1447 1821 1503 1894 bi-

460 1935 623 2012 Additur
636 1937 694 2011 his
714 1938 881 2037 Nyseus,
900 1938 1196 2034 indetonsusque
1213 1935 1431 2036 Thyoneus,
1461 1941 1505 2010 13

459 2217 514 2250 nam
524 2201 614 2267 νεβρὸς
624 2209 660 2250 est
670 2201 795 2252 binnulus:
814 2199 868 2252 ride
878 2202 957 2252 Schol.
1007 2200 1070 2250 lictis
1080 2201 1149 2249 rebus
1164 2199 1274 2249 omnibus
1290 2207 1424 2250 accumant.
1458 2202 1507 2250 Ex-

459 2276 542 2342 Eurip.
560 2276 591 2326 ad
607 2275 694 2326 Phoeu.
711 2291 761 2326 ver.
774 2277 830 2327 7911.
866 2277 957 2346 Tegees,
1006 2274 1093 2342 pressit
1113 2274 1248 2342 Euripides,
1265 2275 1291 2326 ia
1309 2275 1420 2333 Bacchis,
1437 2293 1507 2327 versu

460 2353 557 2401 verbum
574 2351 693 2417 proprium
703 2351 728 2399 in
740 2349 824 2409 sacris,
837 2368 908 2417 quum
919 2352 966 2404 vel¹
1010 2351 1064 2400 117.
1075 2349 1116 2399 ubi
1131 2358 1203 2399 ruunt
1218 2348 1257 2416 ἀφ’
1274 2349 1356 2408 ἱστῶν,
1368 2351 1439 2416 παρὰ
1453 2369 1506 2418 κερ-

454 2435 533 2492 ceput
551 2425 643 2475 velatur
659 2425 735 2482 sertis,
750 2427 793 2474 vel
808 2425 832 2474 in
849 2427 966 2476 Baccha»
1006 2423 1089 2482 eldaa,
1100 2443 1115 2472 a
1126 2427 1177 2474 telis
1186 2431 1209 2473 ct
1218 2443 1233 2472 a
1242 2428 1324 2474 radia·

409 2545 411 2550 .
458 2499 553 2549 nulibus
570 2513 654 2564 corpus
672 2498 818 2550 nebridibus.
854 2501 959 2552 crinales
1043 2501 1081 2549 11.
1098 2500 1432 2564 sanctionemque]
1461 2500 1508 2550 Ar-

458 2576 529 2632 oitte,
540 2573 614 2634 uittas,
625 2573 713 2639 quibus
730 2575 805 2625 crines
818 2575 958 2624 coerceban-
1008 2585 1146 2636 gumentum
1166 2583 1272 2623 recenset
1288 2574 1437 2639 hymnorum,
1455 2573 1507 2640 qui-

460 2658 505 2700 tur.
538 2647 959 2705 Bacchantesenim,utmodovidi-
1008 2649 1053 2697 bus
1066 2647 1239 2697 celebraverint
1253 2648 1385 2698 Bacchum.
1418 2648 1507 2713 Hymni

459 2739 520 2781 mus,
531 2724 607 2790 passis
624 2723 718 2788 capillis
733 2739 826 2773 currere
843 2724 959 2774 solebant.
1008 2722 1072 2772 enirn
1089 2723 1307 2788 complectebantur
1316 2723 1421 2779 nomina.
1432 2723 1506 2774 virtu-

460 2799 540 2848 Etiam
557 2798 621 2865 apud
635 2797 722 2862 Virgil.
732 2795 828 2847 AEncid.
842 2799 884 2846 vii.
902 2799 958 2847 loth
1008 2807 1044 2846 tes
1063 2807 1088 2846 st
1104 2813 1142 2846 res
1158 2805 1238 2862 gestes
1256 2797 1376 2845 Deorum:
1394 2797 1443 2846 vid.
1461 2799 1506 2848 Or-

461 2874 512 2922 haec
524 2873 590 2937 orgia
604 2871 639 2921 sio
656 2871 802 2930 indicuntur,
812 2873 897 2920 Solvite
911 2876 958 2921 crs'·
1008 2871 1091 2938 pheos,
1102 2871 1184 2936 hymn.
1194 2873 1237 2921 61.
1248 2871 1290 2920 ubi
1304 2871 1386 2920 endem
1402 2871 1450 2922 iere
1465 2889 1508 2921 no·

461 2949 524 2996 salsa
533 2951 609 2996 vinea
630 2945 705 3002 Ssrtu,
716 2945 810 2995 irondss
820 2945 960 3012 pampineos
1009 2943 1081 2994 mina.
1114 2946 1146 2994 Et
1156 2945 1271 2996 habemus
1284 2943 1323 2994 hic
1334 2947 1413 2995 locum
1425 2947 1507 2996 classi·

460 3021 667 3075 authederaceos.
701 3021 767 3076 Las,
778 3021 861 3086 preti.

495 3098 534 3147 10.
552 3097 667 3159 Telasqus,
678 3095 840 3158 calathosque]
864 3094 958 3161 Enjatn

460 3171 530 3221 tertio
540 3169 757 3226 animadvertimus,
765 3169 819 3218 vide
828 3168 870 3218 lib.
878 3169 894 3218 i.
905 3171 959 3219 198.

460 3254 485 3295 et
502 3243 537 3294 iii.
552 3245 609 3294 530.
625 3245 671 3294 hoc
689 3242 829 3310 quantitatis
847 3243 959 3293 mendum

461 3337 508 3371 non
526 3328 607 3369 estare
626 3319 652 3368 in
669 3319 754 3369 nosuis
771 3317 900 3368 ominibus
918 3318 959 3385 qui

461 3395 549 3444 habent
564 3395 596 3443 Et
609 3395 672 3450 telas,
683 3395 833 3458 calathosque.
866 3393 961 3444 Recen-

461 3472 531 3522 tiores
558 3470 669 3528 editores,
699 3469 839 3520 arrctontate
864 3469 959 3534 Virgilii

459 3547 521 3606 steti,
539 3549 582 3613 qui
601 3543 730 3612 aliquando
751 3545 780 3595 rh
800 3561 842 3608 qus
863 3559 959 3593 caesuras

460 3623 536 3672 vicem
554 3635 637 3686 gerens
657 3620 755 3684 longum
773 3618 837 3674 fecit,
855 3616 916 3667 illud
934 3617 959 3667 in

461 3695 574 3746 Ovidium
583 3693 634 3745 sine
643 3693 712 3743 metri
719 3693 816 3758 jactura
821 3691 959 3742 intulerunt.

371 3791 375 3798 ⁴
461 3770 620 3829 Quamobrem
630 3769 754 3832 vulgatam
769 3765 895 3816 lectionem
912 3779 958 3814 non

462 3843 612 3892 mutavimus.
629 3840 692 3890 Vide
702 3839 733 3889 ad
743 3839 777 3888 iii.
788 3839 844 3888 350.
867 3839 959 3887 Calathi

460 3926 529 3966 erunt
543 3915 568 3964 in
579 3914 642 3964 vasis
659 3914 821 3970 muliebribus,
832 3913 927 3962 bseelle
945 3929 959 3962 e

460 3989 588 4038 viminibus
607 3988 685 4044 lacte,
700 4003 758 4053 quas
777 3989 808 4036 ab
826 3986 875 4036 ima
893 3997 959 4052 parte

461 4071 576 4128 angustas,
593 4060 708 4128 paulatim
724 4077 750 4111 ss
767 4061 791 4110 in
808 4059 959 4111 latitudinem

461 4135 584 4192 laxabant,
604 4137 688 4186 Graece
706 4135 816 4203 rdhapos.
857 4137 959 4202 Etymoh

461 4213 498 4261 M.
525 4210 641 4276 τάλαρος,
669 4211 825 4270 καλαθίσκος,
852 4209 958 4276 κόφινος.

461 4285 569 4354 Speciem
595 4285 681 4333 calathi
705 4284 748 4332 dat
774 4284 901 4352 spanhem.
928 4283 958 4332 ad

462 4360 556 4410 Gallim.
567 4376 592 4424 p.
606 4359 661 4409 652.
694 4359 724 4407 In
739 4375 767 4408 eo
783 4374 908 4422 persaeus
923 4373 958 4406 re·

461 4433 705 4503 ponebatrldanifiese.
740 4431 840 4498 Infecta,
854 4449 897 4499 pro
913 4432 958 4481 irn-

461 4510 573 4577 perlecta,
596 4508 668 4572 paulo
694 4507 831 4557 insolentius
857 4508 956 4556 dietum.

461 4585 499 4635 Sic
515 4594 540 4634 et
552 4585 585 4635 vi.
597 4583 654 4632 20².
691 4581 822 4645 llepanuat,
838 4592 886 4631 ete.
908 4581 957 4630 tte-

1009 3035 1063 3088 cum
1076 3020 1107 3069 de
1115 3019 1222 3077 Baccho,
1234 3035 1336 3086 quocum
1346 3021 1379 3070 el.
1388 3021 1436 3070 111.
1443 3023 1508 3074 Fast.

1009 3095 1072 3154 7133
1089 3093 1207 3144 Horatii.
1215 3093 1264 3144 Od.
1272 3095 1318 3156 165
1335 3095 1508 3162 Sensellldip.

1009 3185 1058 3218 ver.
1069 3169 1182 3235 404sqq.
1216 3169 1336 3218 Bromius:
1358 3169 1413 3220 vide
1428 3170 1460 3219 sd
1473 3169 1510 3221 iii.

1009 3247 1066 3295 5⁴28.
1090 3246 1179 3310 [mesu.
1187 3245 1228 3310 qui
1237 3259 1306 3294 curas
1316 3245 1395 3302 solvit,
1406 3246 1510 3297 ahias.

1010 3320 1133 3386 ignigenas,
1144 3318 1294 3384 πυρογενής.
1327 3320 1366 3368 De
1382 3319 1427 3370 hoc
1437 3327 1463 3370 et
1478 3319 1509 3371 de

1008 3409 1062 3460 sqq.
1077 3392 1170 3441 duobus
1188 3408 1235 3442 ver.
1249 3392 1297 3442 vid.
1307 3393 1342 3442 iii.
1352 3393 1400 3442 ³09
1413 3409 1467 3460 sqq.
1483 3404 1509 3444 et

1009 3483 1064 3532 que
1075 3483 1117 3518 nos
1128 3475 1153 3517 st
1167 3466 1199 3516 ibi
1209 3475 1234 3518 et
1249 3467 1280 3518 ad
1291 3483 1383 3518 versum
1393 3469 1450 3525 25³,
1463 3483 1506 3518 na-

1008 3542 1118 3591 lavimus.
1151 3542 1246 3592 Nomen
1264 3551 1344 3592 autern
1361 3545 1456 3593 bimam
1476 3543 1509 3592 ab

1008 3615 1060 3682 ipso
1074 3615 1163 3665 Oridlo
1177 3616 1296 3680 signatum
1307 3616 1405 3666 ridetur.
1438 3618 1508 3668 Gre-

1009 3691 1043 3740 cis
1052 3691 1116 3739 baac
1130 3691 1161 3739 ob
1175 3705 1272 3740 causam
1288 3689 1386 3756 δίθυρος
1400 3689 1478 3754 dictus
1494 3707 1509 3741 a

1007 3766 1089 3814 multis
1109 3764 1228 3814 creditur:
1262 3764 1317 3815 vide
1337 3765 1426 3815 Mureti
1446 3768 1508 3816 Vas.

1009 3840 1075 3889 leet.
1085 3839 1134 3887 xix.
1146 3839 1167 3888 l.

1044 3917 1081 3964 lii.
1099 3914 1216 3978 Nyseusa
1232 3914 1306 3978 Nysa,
1316 3921 1396 3963 monte
1409 3921 1435 3964 st
1450 3916 1511 3965 urbe

1009 3988 1096 4044 ludius,
1111 3986 1153 4036 ubi
1167 3987 1407 4037 manumittere.
1436 3987 1511 4052 Thys-

1009 4079 1064 4112 nsus
1080 4061 1133 4112 ἀπὸ
1151 4064 1195 4111 τοῦ
1208 4061 1286 4120 θύειν,
1297 4077 1313 4112 a
1328 4061 1435 4120 hirando,
1445 4064 1513 4114 unde

1008 4147 1034 4186 st
1049 4135 1201 4186 Bacchantes
1218 4135 1329 4200 Thyades.
1343 4136 1423 4186 Sahal.
1433 4136 1512 4203 Apol-

1009 4209 1059 4259 lon.
1081 4209 1112 4258 ad
1131 4210 1221 4274 Argon.
1242 4210 1335 4259 i'flhfl·
1373 4211 1510 4261 Imaona·

1008 4299 1051 4350 pre
1064 4288 1177 4342 imma,
1190 4284 1351 4351 ἀκειρεκόμης,
1363 4286 1474 4351 heqtssns
1486 4297 1509 4336 es

1009 4358 1128 4425 Apollinis
1141 4367 1167 4409 et
1178 4359 1269 4410 Bacchi
1284 4360 1415 4426 epitheton,
1426 4362 1458 4410 ob
1468 4373 1509 4410 oo·

1008 4447 1070 4482 raam
1085 4434 1233 4498 promissam,
1244 4449 1316 4500 quam
1331 4435 1403 4484 etiam
1419 4436 1446 4484 in
1457 4451 1509 4485 mo-

1009 4508 1126 4557 numentis
1141 4508 1236 4558 habeat.
1264 4509 1349 4575 Lange
1364 4527 1433 4558 coare
1446 4511 1510 4558 Bae·

1008 4579 1056 4640 chi,
1072 4582 1137 4646 apud
1153 4582 1299 4640 Martialem,
1312 4584 1346 4632 iv.
1363 4582 1445 4649 spina.
1460 4585 1508 4633 ⁴⁶:
